instant,date,season,year,month,hour,holiday,weekday,day_type,weather,temperature,warming_sensation,humidity,windspeed,casual,registered,count,last_modified
1,2011-01-01,1,0,1,0,0,6,0,1,0.24,0.2879,0.81,0.0,3.0,13,16,2023-03-22 23:15:29.759033
2,2011-01-01,1,0,1,1,0,6,0,1,0.22,0.2727,0.8,0.0,8.0,32,40,2023-03-22 23:15:29.759033
3,2011-01-01,1,0,1,2,0,6,0,1,0.22,0.2727,0.8,0.0,5.0,27,32,2023-03-22 23:15:29.759033
4,2011-01-01,1,0,1,3,0,6,0,1,0.24,0.2879,0.75,0.0,3.0,10,13,2023-03-22 23:15:29.759033
6,2011-01-01,1,0,1,5,0,6,0,2,0.24,0.2576,0.75,0.0896,0.0,1,1,2023-03-22 23:15:29.759033
7,2011-01-01,1,0,1,6,0,6,0,1,0.22,0.2727,0.8,0.0,2.0,0,2,2023-03-22 23:15:29.759033
8,2011-01-01,1,0,1,7,0,6,0,1,0.2,0.2576,0.86,0.0,1.0,2,3,2023-03-22 23:15:29.759033
9,2011-01-01,1,0,1,8,0,6,0,1,0.24,0.2879,0.75,0.0,1.0,7,8,2023-03-22 23:15:29.759033
10,2011-01-01,1,0,1,9,0,6,0,1,0.32,0.3485,0.76,0.0,8.0,6,14,2023-03-22 23:15:29.759033
11,2011-01-01,1,0,1,10,0,6,0,1,0.38,0.3939,0.76,0.2537,12.0,24,36,2023-03-22 23:15:29.759033
12,2011-01-01,1,0,1,11,0,6,0,1,0.36,0.3333,0.81,0.2836,26.0,30,56,2023-03-22 23:15:29.759033
13,2011-01-01,1,0,1,12,0,6,0,1,0.42,0.4242,0.77,0.2836,29.0,55,84,2023-03-22 23:15:29.759033
14,2011-01-01,1,0,1,13,0,6,0,2,0.46,0.4545,0.72,0.2985,47.0,47,94,2023-03-22 23:15:29.759033
16,2011-01-01,1,0,1,15,0,6,0,2,0.44,0.4394,0.77,0.2985,40.0,70,110,2023-03-22 23:15:29.759033
17,2011-01-01,1,0,1,16,0,6,0,2,0.42,0.4242,0.82,0.2985,41.0,52,93,2023-03-22 23:15:29.759033
18,2011-01-01,1,0,1,17,0,6,0,2,0.44,0.4394,0.82,0.2836,15.0,52,67,2023-03-22 23:15:29.759033
19,2011-01-01,1,0,1,18,0,6,0,3,0.42,0.4242,0.88,0.2537,9.0,26,35,2023-03-22 23:15:29.759033
20,2011-01-01,1,0,1,19,0,6,0,3,0.42,0.4242,0.88,0.2537,6.0,31,37,2023-03-22 23:15:29.759033
21,2011-01-01,1,0,1,20,0,6,0,2,0.4,0.4091,0.87,0.2537,11.0,25,36,2023-03-22 23:15:29.759033
22,2011-01-01,1,0,1,21,0,6,0,2,0.4,0.4091,0.87,0.194,3.0,31,34,2023-03-22 23:15:29.759033
23,2011-01-01,1,0,1,22,0,6,0,2,0.4,0.4091,0.94,0.2239,11.0,17,28,2023-03-22 23:15:29.759033
24,2011-01-01,1,0,1,23,0,6,0,2,0.46,0.4545,0.88,0.2985,15.0,24,39,2023-03-22 23:15:29.759033
25,2011-01-02,1,0,1,0,0,0,0,2,0.46,0.4545,0.88,0.2985,4.0,13,17,2023-03-22 23:15:29.759033
26,2011-01-02,1,0,1,1,0,0,0,2,0.44,0.4394,0.94,0.2537,1.0,16,17,2023-03-22 23:15:29.759033
28,2011-01-02,1,0,1,3,0,0,0,2,0.46,0.4545,0.94,0.194,2.0,4,6,2023-03-22 23:15:29.759033
29,2011-01-02,1,0,1,4,0,0,0,2,0.46,0.4545,0.94,0.194,2.0,1,3,2023-03-22 23:15:29.759033
30,2011-01-02,1,0,1,6,0,0,0,3,0.42,0.4242,0.77,0.2985,0.0,2,2,2023-03-22 23:15:29.759033
31,2011-01-02,1,0,1,7,0,0,0,2,0.4,0.4091,0.76,0.194,0.0,1,1,2023-03-22 23:15:29.759033
32,2011-01-02,1,0,1,8,0,0,0,3,0.4,0.4091,0.71,0.2239,0.0,8,8,2023-03-22 23:15:29.759033
33,2011-01-02,1,0,1,9,0,0,0,2,0.38,0.3939,0.76,0.2239,1.0,19,20,2023-03-22 23:15:29.759033
34,2011-01-02,1,0,1,10,0,0,0,2,0.36,0.3485,0.81,0.2239,7.0,46,53,2023-03-22 23:15:29.759033
35,2011-01-02,1,0,1,11,0,0,0,2,0.36,0.3333,0.71,0.2537,16.0,54,70,2023-03-22 23:15:29.759033
36,2011-01-02,1,0,1,12,0,0,0,2,0.36,0.3333,0.66,0.2985,20.0,73,93,2023-03-22 23:15:29.759033
37,2011-01-02,1,0,1,13,0,0,0,2,0.36,0.3485,0.66,0.1343,11.0,64,75,2023-03-22 23:15:29.759033
38,2011-01-02,1,0,1,14,0,0,0,3,0.36,0.3485,0.76,0.194,4.0,55,59,2023-03-22 23:15:29.759033
39,2011-01-02,1,0,1,15,0,0,0,3,0.34,0.3333,0.81,0.1642,19.0,55,74,2023-03-22 23:15:29.759033
40,2011-01-02,1,0,1,16,0,0,0,3,0.34,0.3333,0.71,0.1642,9.0,67,76,2023-03-22 23:15:29.759033
41,2011-01-02,1,0,1,17,0,0,0,1,0.34,0.3333,0.57,0.194,7.0,58,65,2023-03-22 23:15:29.759033
42,2011-01-02,1,0,1,18,0,0,0,2,0.36,0.3333,0.46,0.3284,10.0,43,53,2023-03-22 23:15:29.759033
43,2011-01-02,1,0,1,19,0,0,0,1,0.32,0.2879,0.42,0.4478,1.0,29,30,2023-03-22 23:15:29.759033
44,2011-01-02,1,0,1,20,0,0,0,1,0.3,0.2727,0.39,0.3582,5.0,17,22,2023-03-22 23:15:29.759033
45,2011-01-02,1,0,1,21,0,0,0,1,0.26,0.2273,0.44,0.3284,11.0,20,31,2023-03-22 23:15:29.759033
46,2011-01-02,1,0,1,22,0,0,0,1,0.24,0.2121,0.44,0.2985,0.0,9,9,2023-03-22 23:15:29.759033
47,2011-01-02,1,0,1,23,0,0,0,1,0.22,0.2273,0.47,0.1642,0.0,8,8,2023-03-22 23:15:29.759033
48,2011-01-03,1,0,1,0,0,1,1,1,0.22,0.197,0.44,0.3582,0.0,5,5,2023-03-22 23:15:29.759033
49,2011-01-03,1,0,1,1,0,1,1,1,0.2,0.1667,0.44,0.4179,0.0,2,2,2023-03-22 23:15:29.759033
50,2011-01-03,1,0,1,4,0,1,1,1,0.16,0.1364,0.47,0.3881,0.0,1,1,2023-03-22 23:15:29.759033
51,2011-01-03,1,0,1,5,0,1,1,1,0.16,0.1364,0.47,0.2836,0.0,3,3,2023-03-22 23:15:29.759033
52,2011-01-03,1,0,1,6,0,1,1,1,0.14,0.1061,0.5,0.3881,0.0,30,30,2023-03-22 23:15:29.759033
53,2011-01-03,1,0,1,7,0,1,1,1,0.14,0.1364,0.5,0.194,1.0,63,64,2023-03-22 23:15:29.759033
54,2011-01-03,1,0,1,8,0,1,1,1,0.14,0.1212,0.5,0.2836,1.0,153,154,2023-03-22 23:15:29.759033
55,2011-01-03,1,0,1,9,0,1,1,1,0.16,0.1364,0.43,0.3881,7.0,81,88,2023-03-22 23:15:29.759033
56,2011-01-03,1,0,1,10,0,1,1,1,0.18,0.1667,0.43,0.2537,11.0,33,44,2023-03-22 23:15:29.759033
57,2011-01-03,1,0,1,11,0,1,1,1,0.2,0.1818,0.4,0.3284,10.0,41,51,2023-03-22 23:15:29.759033
58,2011-01-03,1,0,1,12,0,1,1,1,0.22,0.2121,0.35,0.2985,13.0,48,61,2023-03-22 23:15:29.759033
59,2011-01-03,1,0,1,13,0,1,1,1,0.24,0.2121,0.35,0.2836,8.0,53,61,2023-03-22 23:15:29.759033
60,2011-01-03,1,0,1,14,0,1,1,1,0.26,0.2424,0.3,0.2836,11.0,66,77,2023-03-22 23:15:29.759033
61,2011-01-03,1,0,1,15,0,1,1,1,0.26,0.2424,0.3,0.2537,14.0,58,72,2023-03-22 23:15:29.759033
62,2011-01-03,1,0,1,16,0,1,1,1,0.26,0.2424,0.3,0.2537,9.0,67,76,2023-03-22 23:15:29.759033
63,2011-01-03,1,0,1,17,0,1,1,1,0.24,0.2273,0.3,0.2239,11.0,146,157,2023-03-22 23:15:29.759033
64,2011-01-03,1,0,1,18,0,1,1,1,0.24,0.2576,0.32,0.1045,9.0,148,157,2023-03-22 23:15:29.759033
65,2011-01-03,1,0,1,19,0,1,1,1,0.2,0.2576,0.47,0.0,8.0,102,110,2023-03-22 23:15:29.759033
66,2011-01-03,1,0,1,20,0,1,1,1,0.2,0.2273,0.47,0.1045,3.0,49,52,2023-03-22 23:15:29.759033
67,2011-01-03,1,0,1,21,0,1,1,1,0.18,0.197,0.64,0.1343,3.0,49,52,2023-03-22 23:15:29.759033
68,2011-01-03,1,0,1,22,0,1,1,1,0.14,0.1515,0.69,0.1343,0.0,20,20,2023-03-22 23:15:29.759033
69,2011-01-03,1,0,1,23,0,1,1,1,0.18,0.2121,0.55,0.1045,1.0,11,12,2023-03-22 23:15:29.759033
70,2011-01-04,1,0,1,0,0,2,1,1,0.16,0.1818,0.55,0.1045,0.0,5,5,2023-03-22 23:15:29.759033
71,2011-01-04,1,0,1,1,0,2,1,1,0.16,0.1818,0.59,0.1045,0.0,2,2,2023-03-22 23:15:29.759033
72,2011-01-04,1,0,1,2,0,2,1,1,0.14,0.1515,0.63,0.1343,0.0,1,1,2023-03-22 23:15:29.759033
73,2011-01-04,1,0,1,4,0,2,1,1,0.14,0.1818,0.63,0.0896,0.0,2,2,2023-03-22 23:15:29.759033
74,2011-01-04,1,0,1,5,0,2,1,1,0.12,0.1515,0.68,0.1045,0.0,4,4,2023-03-22 23:15:29.759033
75,2011-01-04,1,0,1,6,0,2,1,1,0.12,0.1515,0.74,0.1045,0.0,36,36,2023-03-22 23:15:29.759033
76,2011-01-04,1,0,1,7,0,2,1,1,0.12,0.1515,0.74,0.1343,2.0,92,94,2023-03-22 23:15:29.759033
77,2011-01-04,1,0,1,8,0,2,1,1,0.14,0.1515,0.69,0.1642,2.0,177,179,2023-03-22 23:15:29.759033
78,2011-01-04,1,0,1,9,0,2,1,1,0.16,0.1515,0.64,0.2239,2.0,98,100,2023-03-22 23:15:29.759033
79,2011-01-04,1,0,1,10,0,2,1,2,0.16,0.1364,0.69,0.3284,5.0,37,42,2023-03-22 23:15:29.759033
80,2011-01-04,1,0,1,11,0,2,1,1,0.22,0.2121,0.51,0.2985,7.0,50,57,2023-03-22 23:15:29.759033
81,2011-01-04,1,0,1,12,0,2,1,1,0.22,0.2273,0.51,0.1642,12.0,66,78,2023-03-22 23:15:29.759033
82,2011-01-04,1,0,1,13,0,2,1,1,0.24,0.2273,0.56,0.194,18.0,79,97,2023-03-22 23:15:29.759033
83,2011-01-04,1,0,1,14,0,2,1,1,0.26,0.2576,0.52,0.2239,9.0,54,63,2023-03-22 23:15:29.759033
84,2011-01-04,1,0,1,15,0,2,1,1,0.28,0.2727,0.52,0.2537,17.0,48,65,2023-03-22 23:15:29.759033
85,2011-01-04,1,0,1,16,0,2,1,1,0.3,0.2879,0.49,0.2537,15.0,68,83,2023-03-22 23:15:29.759033
86,2011-01-04,1,0,1,17,0,2,1,1,0.28,0.2727,0.48,0.2239,10.0,202,212,2023-03-22 23:15:29.759033
87,2011-01-04,1,0,1,18,0,2,1,1,0.26,0.2576,0.48,0.194,3.0,179,182,2023-03-22 23:15:29.759033
88,2011-01-04,1,0,1,19,0,2,1,1,0.24,0.2576,0.48,0.1045,2.0,110,112,2023-03-22 23:15:29.759033
89,2011-01-04,1,0,1,20,0,2,1,1,0.24,0.2576,0.48,0.1045,1.0,53,54,2023-03-22 23:15:29.759033
90,2011-01-04,1,0,1,21,0,2,1,1,0.22,0.2727,0.64,0.0,0.0,48,48,2023-03-22 23:15:29.759033
91,2011-01-04,1,0,1,22,0,2,1,1,0.22,0.2576,0.64,0.0896,1.0,34,35,2023-03-22 23:15:29.759033
92,2011-01-04,1,0,1,23,0,2,1,1,0.2,0.2273,0.69,0.0896,2.0,9,11,2023-03-22 23:15:29.759033
93,2011-01-05,1,0,1,0,0,3,1,1,0.2,0.2576,0.64,0.0,0.0,6,6,2023-03-22 23:15:29.759033
94,2011-01-05,1,0,1,1,0,3,1,1,0.16,0.197,0.74,0.0896,0.0,6,6,2023-03-22 23:15:29.759033
95,2011-01-05,1,0,1,2,0,3,1,1,0.16,0.197,0.74,0.0896,0.0,2,2,2023-03-22 23:15:29.759033
96,2011-01-05,1,0,1,4,0,3,1,1,0.24,0.2273,0.48,0.2239,0.0,2,2,2023-03-22 23:15:29.759033
97,2011-01-05,1,0,1,5,0,3,1,1,0.22,0.2273,0.47,0.1642,0.0,3,3,2023-03-22 23:15:29.759033
98,2011-01-05,1,0,1,6,0,3,1,1,0.2,0.197,0.47,0.2239,0.0,33,33,2023-03-22 23:15:29.759033
99,2011-01-05,1,0,1,7,0,3,1,1,0.18,0.1818,0.43,0.194,1.0,87,88,2023-03-22 23:15:29.759033
100,2011-01-05,1,0,1,8,0,3,1,1,0.2,0.1818,0.4,0.2985,3.0,192,195,2023-03-22 23:15:29.759033
101,2011-01-05,1,0,1,9,0,3,1,1,0.22,0.197,0.37,0.3284,6.0,109,115,2023-03-22 23:15:29.759033
102,2011-01-05,1,0,1,10,0,3,1,1,0.22,0.197,0.37,0.3284,4.0,53,57,2023-03-22 23:15:29.759033
103,2011-01-05,1,0,1,11,0,3,1,1,0.26,0.2273,0.33,0.3284,12.0,34,46,2023-03-22 23:15:29.759033
104,2011-01-05,1,0,1,12,0,3,1,1,0.26,0.2273,0.33,0.3284,5.0,74,79,2023-03-22 23:15:29.759033
105,2011-01-05,1,0,1,13,0,3,1,1,0.28,0.2576,0.3,0.2985,6.0,65,71,2023-03-22 23:15:29.759033
106,2011-01-05,1,0,1,14,0,3,1,1,0.3,0.2879,0.28,0.194,10.0,52,62,2023-03-22 23:15:29.759033
107,2011-01-05,1,0,1,15,0,3,1,1,0.3,0.2879,0.28,0.194,7.0,55,62,2023-03-22 23:15:29.759033
108,2011-01-05,1,0,1,16,0,3,1,1,0.3,0.3182,0.28,0.0896,4.0,85,89,2023-03-22 23:15:29.759033
109,2011-01-05,1,0,1,17,0,3,1,1,0.24,0.2273,0.38,0.194,4.0,186,190,2023-03-22 23:15:29.759033
110,2011-01-05,1,0,1,18,0,3,1,1,0.24,0.2424,0.38,0.1343,3.0,166,169,2023-03-22 23:15:29.759033
111,2011-01-05,1,0,1,19,0,3,1,1,0.24,0.2576,0.38,0.1045,5.0,127,132,2023-03-22 23:15:29.759033
112,2011-01-05,1,0,1,20,0,3,1,1,0.22,0.2273,0.47,0.1642,7.0,82,89,2023-03-22 23:15:29.759033
113,2011-01-05,1,0,1,21,0,3,1,1,0.2,0.197,0.51,0.194,3.0,40,43,2023-03-22 23:15:29.759033
114,2011-01-05,1,0,1,22,0,3,1,1,0.18,0.197,0.55,0.1343,1.0,41,42,2023-03-22 23:15:29.759033
115,2011-01-05,1,0,1,23,0,3,1,1,0.2,0.2576,0.47,0.0,1.0,18,19,2023-03-22 23:15:29.759033
116,2011-01-06,1,0,1,0,0,4,1,1,0.18,0.2424,0.55,0.0,0.0,11,11,2023-03-22 23:15:29.759033
117,2011-01-06,1,0,1,1,0,4,1,1,0.16,0.2273,0.64,0.0,0.0,4,4,2023-03-22 23:15:29.759033
118,2011-01-06,1,0,1,2,0,4,1,1,0.16,0.2273,0.64,0.0,0.0,2,2,2023-03-22 23:15:29.759033
119,2011-01-06,1,0,1,4,0,4,1,2,0.16,0.197,0.64,0.0896,0.0,1,1,2023-03-22 23:15:29.759033
120,2011-01-06,1,0,1,5,0,4,1,2,0.14,0.1818,0.69,0.0896,0.0,4,4,2023-03-22 23:15:29.759033
121,2011-01-06,1,0,1,6,0,4,1,2,0.14,0.1667,0.63,0.1045,0.0,36,36,2023-03-22 23:15:29.759033
122,2011-01-06,1,0,1,7,0,4,1,2,0.16,0.2273,0.59,0.0,0.0,95,95,2023-03-22 23:15:29.759033
123,2011-01-06,1,0,1,8,0,4,1,1,0.16,0.2273,0.59,0.0,3.0,216,219,2023-03-22 23:15:29.759033
124,2011-01-06,1,0,1,9,0,4,1,2,0.18,0.2424,0.51,0.0,6.0,116,122,2023-03-22 23:15:29.759033
125,2011-01-06,1,0,1,10,0,4,1,1,0.2,0.2576,0.47,0.0,3.0,42,45,2023-03-22 23:15:29.759033
126,2011-01-06,1,0,1,11,0,4,1,1,0.22,0.2576,0.44,0.0896,2.0,57,59,2023-03-22 23:15:29.759033
127,2011-01-06,1,0,1,12,0,4,1,1,0.26,0.2879,0.35,0.0,6.0,78,84,2023-03-22 23:15:29.759033
128,2011-01-06,1,0,1,13,0,4,1,1,0.26,0.2727,0.35,0.1045,12.0,55,67,2023-03-22 23:15:29.759033
129,2011-01-06,1,0,1,14,0,4,1,1,0.28,0.2727,0.36,0.1642,11.0,59,70,2023-03-22 23:15:29.759033
130,2011-01-06,1,0,1,15,0,4,1,1,0.28,0.2727,0.36,0.0,8.0,54,62,2023-03-22 23:15:29.759033
131,2011-01-06,1,0,1,16,0,4,1,1,0.26,0.2576,0.38,0.1642,12.0,74,86,2023-03-22 23:15:29.759033
132,2011-01-06,1,0,1,17,0,4,1,1,0.22,0.2273,0.51,0.1642,9.0,163,172,2023-03-22 23:15:29.759033
133,2011-01-06,1,0,1,18,0,4,1,1,0.22,0.2273,0.51,0.1343,5.0,158,163,2023-03-22 23:15:29.759033
134,2011-01-06,1,0,1,19,0,4,1,1,0.22,0.2576,0.55,0.0896,3.0,109,112,2023-03-22 23:15:29.759033
135,2011-01-06,1,0,1,20,0,4,1,1,0.2,0.2121,0.51,0.1642,3.0,66,69,2023-03-22 23:15:29.759033
136,2011-01-06,1,0,1,21,0,4,1,2,0.22,0.2121,0.55,0.2239,0.0,48,48,2023-03-22 23:15:29.759033
137,2011-01-06,1,0,1,22,0,4,1,2,0.22,0.2121,0.51,0.2836,1.0,51,52,2023-03-22 23:15:29.759033
138,2011-01-06,1,0,1,23,0,4,1,2,0.2,0.197,0.59,0.194,4.0,19,23,2023-03-22 23:15:29.759033
139,2011-01-07,1,0,1,0,0,5,1,2,0.2,0.197,0.64,0.194,4.0,13,17,2023-03-22 23:15:29.759033
140,2011-01-07,1,0,1,1,0,5,1,2,0.2,0.197,0.69,0.2239,2.0,5,7,2023-03-22 23:15:29.759033
141,2011-01-07,1,0,1,2,0,5,1,2,0.2,0.197,0.69,0.2239,0.0,1,1,2023-03-22 23:15:29.759033
142,2011-01-07,1,0,1,4,0,5,1,2,0.2,0.2121,0.69,0.1343,0.0,1,1,2023-03-22 23:15:29.759033
143,2011-01-07,1,0,1,5,0,5,1,3,0.22,0.2727,0.55,0.0,0.0,5,5,2023-03-22 23:15:29.759033
144,2011-01-07,1,0,1,6,0,5,1,2,0.2,0.2576,0.69,0.0,8.0,26,34,2023-03-22 23:15:29.759033
145,2011-01-07,1,0,1,7,0,5,1,1,0.2,0.2121,0.69,0.1343,8.0,76,84,2023-03-22 23:15:29.759033
146,2011-01-07,1,0,1,8,0,5,1,1,0.2,0.197,0.51,0.2537,20.0,190,210,2023-03-22 23:15:29.759033
147,2011-01-07,1,0,1,9,0,5,1,1,0.2,0.1818,0.47,0.2985,9.0,125,134,2023-03-22 23:15:29.759033
148,2011-01-07,1,0,1,10,0,5,1,1,0.22,0.197,0.37,0.3284,16.0,47,63,2023-03-22 23:15:29.759033
149,2011-01-07,1,0,1,11,0,5,1,2,0.2,0.197,0.4,0.2239,19.0,48,67,2023-03-22 23:15:29.759033
150,2011-01-07,1,0,1,12,0,5,1,2,0.2,0.197,0.37,0.2537,9.0,50,59,2023-03-22 23:15:29.759033
151,2011-01-07,1,0,1,13,0,5,1,2,0.2,0.1818,0.37,0.2836,9.0,64,73,2023-03-22 23:15:29.759033
152,2011-01-07,1,0,1,14,0,5,1,2,0.2,0.197,0.4,0.2537,7.0,43,50,2023-03-22 23:15:29.759033
153,2011-01-07,1,0,1,15,0,5,1,2,0.2,0.2121,0.37,0.1642,9.0,63,72,2023-03-22 23:15:29.759033
154,2011-01-07,1,0,1,16,0,5,1,2,0.2,0.2121,0.37,0.1642,5.0,82,87,2023-03-22 23:15:29.759033
155,2011-01-07,1,0,1,17,0,5,1,2,0.2,0.2576,0.37,0.0,9.0,178,187,2023-03-22 23:15:29.759033
156,2011-01-07,1,0,1,18,0,5,1,1,0.2,0.2273,0.4,0.0896,7.0,116,123,2023-03-22 23:15:29.759033
157,2011-01-07,1,0,1,19,0,5,1,1,0.16,0.197,0.55,0.0896,3.0,92,95,2023-03-22 23:15:29.759033
158,2011-01-07,1,0,1,20,0,5,1,1,0.18,0.2121,0.47,0.1045,1.0,50,51,2023-03-22 23:15:29.759033
159,2011-01-07,1,0,1,21,0,5,1,1,0.18,0.197,0.47,0.1343,0.0,39,39,2023-03-22 23:15:29.759033
160,2011-01-07,1,0,1,22,0,5,1,2,0.18,0.197,0.43,0.1642,2.0,34,36,2023-03-22 23:15:29.759033
161,2011-01-07,1,0,1,23,0,5,1,2,0.18,0.197,0.51,0.1642,1.0,14,15,2023-03-22 23:15:29.759033
162,2011-01-08,1,0,1,0,0,6,0,2,0.18,0.197,0.51,0.1642,1.0,24,25,2023-03-22 23:15:29.759033
163,2011-01-08,1,0,1,1,0,6,0,2,0.18,0.2121,0.55,0.0896,1.0,15,16,2023-03-22 23:15:29.759033
164,2011-01-08,1,0,1,2,0,6,0,2,0.18,0.2424,0.55,0.0,3.0,13,16,2023-03-22 23:15:29.759033
165,2011-01-08,1,0,1,3,0,6,0,3,0.18,0.197,0.55,0.1642,0.0,7,7,2023-03-22 23:15:29.759033
166,2011-01-08,1,0,1,4,0,6,0,3,0.18,0.197,0.55,0.1642,0.0,1,1,2023-03-22 23:15:29.759033
167,2011-01-08,1,0,1,5,0,6,0,2,0.16,0.1667,0.74,0.1642,0.0,5,5,2023-03-22 23:15:29.759033
168,2011-01-08,1,0,1,6,0,6,0,2,0.16,0.1667,0.74,0.1642,0.0,2,2,2023-03-22 23:15:29.759033
169,2011-01-08,1,0,1,7,0,6,0,2,0.16,0.1818,0.74,0.1045,1.0,8,9,2023-03-22 23:15:29.759033
170,2011-01-08,1,0,1,8,0,6,0,3,0.16,0.1818,0.93,0.1045,0.0,15,15,2023-03-22 23:15:29.759033
171,2011-01-08,1,0,1,9,0,6,0,3,0.16,0.1818,0.93,0.1045,0.0,20,20,2023-03-22 23:15:29.759033
172,2011-01-08,1,0,1,10,0,6,0,2,0.18,0.197,0.8,0.1642,5.0,56,61,2023-03-22 23:15:29.759033
174,2011-01-08,1,0,1,12,0,6,0,2,0.2,0.1818,0.59,0.3582,8.0,90,98,2023-03-22 23:15:29.759033
175,2011-01-08,1,0,1,13,0,6,0,1,0.2,0.1818,0.44,0.3284,7.0,95,102,2023-03-22 23:15:29.759033
176,2011-01-08,1,0,1,14,0,6,0,1,0.2,0.1667,0.32,0.4925,12.0,83,95,2023-03-22 23:15:29.759033
177,2011-01-08,1,0,1,15,0,6,0,1,0.2,0.1667,0.32,0.4478,5.0,69,74,2023-03-22 23:15:29.759033
178,2011-01-08,1,0,1,16,0,6,0,1,0.18,0.1364,0.29,0.4478,8.0,68,76,2023-03-22 23:15:29.759033
179,2011-01-08,1,0,1,17,0,6,0,1,0.16,0.1212,0.37,0.5522,5.0,64,69,2023-03-22 23:15:29.759033
180,2011-01-08,1,0,1,18,0,6,0,1,0.14,0.1212,0.39,0.2985,3.0,52,55,2023-03-22 23:15:29.759033
181,2011-01-08,1,0,1,19,0,6,0,1,0.14,0.1212,0.36,0.2537,4.0,26,30,2023-03-22 23:15:29.759033
182,2011-01-08,1,0,1,20,0,6,0,1,0.12,0.1212,0.36,0.2537,0.0,28,28,2023-03-22 23:15:29.759033
183,2011-01-08,1,0,1,21,0,6,0,1,0.12,0.1061,0.39,0.3582,2.0,35,37,2023-03-22 23:15:29.759033
184,2011-01-08,1,0,1,22,0,6,0,1,0.12,0.1061,0.36,0.3881,1.0,33,34,2023-03-22 23:15:29.759033
185,2011-01-08,1,0,1,23,0,6,0,1,0.1,0.0606,0.39,0.4478,0.0,22,22,2023-03-22 23:15:29.759033
186,2011-01-09,1,0,1,0,0,0,0,1,0.1,0.0758,0.42,0.3881,1.0,24,25,2023-03-22 23:15:29.759033
187,2011-01-09,1,0,1,1,0,0,0,1,0.1,0.0606,0.42,0.4627,0.0,12,12,2023-03-22 23:15:29.759033
188,2011-01-09,1,0,1,2,0,0,0,1,0.1,0.0606,0.46,0.4627,0.0,11,11,2023-03-22 23:15:29.759033
189,2011-01-09,1,0,1,3,0,0,0,1,0.1,0.0758,0.46,0.4179,0.0,4,4,2023-03-22 23:15:29.759033
190,2011-01-09,1,0,1,4,0,0,0,1,0.08,0.0909,0.53,0.194,0.0,1,1,2023-03-22 23:15:29.759033
191,2011-01-09,1,0,1,5,0,0,0,1,0.08,0.0909,0.53,0.194,0.0,1,1,2023-03-22 23:15:29.759033
192,2011-01-09,1,0,1,6,0,0,0,1,0.1,0.0909,0.49,0.2836,0.0,1,1,2023-03-22 23:15:29.759033
193,2011-01-09,1,0,1,7,0,0,0,1,0.08,0.0909,0.53,0.194,1.0,5,6,2023-03-22 23:15:29.759033
194,2011-01-09,1,0,1,8,0,0,0,1,0.1,0.0909,0.49,0.2836,0.0,10,10,2023-03-22 23:15:29.759033
195,2011-01-09,1,0,1,9,0,0,0,1,0.12,0.0758,0.46,0.5224,0.0,19,19,2023-03-22 23:15:29.759033
196,2011-01-09,1,0,1,10,0,0,0,1,0.14,0.1061,0.43,0.3881,0.0,49,49,2023-03-22 23:15:29.759033
197,2011-01-09,1,0,1,11,0,0,0,1,0.16,0.1212,0.4,0.5224,2.0,47,49,2023-03-22 23:15:29.759033
198,2011-01-09,1,0,1,12,0,0,0,1,0.18,0.1364,0.37,0.4478,4.0,79,83,2023-03-22 23:15:29.759033
199,2011-01-09,1,0,1,13,0,0,0,1,0.2,0.1667,0.34,0.4478,6.0,69,75,2023-03-22 23:15:29.759033
200,2011-01-09,1,0,1,14,0,0,0,1,0.22,0.1818,0.32,0.4627,8.0,64,72,2023-03-22 23:15:29.759033
201,2011-01-09,1,0,1,15,0,0,0,1,0.22,0.197,0.35,0.3582,5.0,77,82,2023-03-22 23:15:29.759033
202,2011-01-09,1,0,1,16,0,0,0,1,0.2,0.1667,0.34,0.4478,13.0,79,92,2023-03-22 23:15:29.759033
203,2011-01-09,1,0,1,17,0,0,0,1,0.18,0.1515,0.37,0.3881,3.0,59,62,2023-03-22 23:15:29.759033
204,2011-01-09,1,0,1,18,0,0,0,1,0.16,0.1364,0.4,0.3284,4.0,44,48,2023-03-22 23:15:29.759033
205,2011-01-09,1,0,1,19,0,0,0,1,0.16,0.1364,0.43,0.3284,1.0,40,41,2023-03-22 23:15:29.759033
206,2011-01-09,1,0,1,20,0,0,0,1,0.14,0.1212,0.46,0.2537,0.0,38,38,2023-03-22 23:15:29.759033
207,2011-01-09,1,0,1,21,0,0,0,1,0.14,0.1061,0.46,0.4179,1.0,19,20,2023-03-22 23:15:29.759033
208,2011-01-09,1,0,1,22,0,0,0,1,0.14,0.1212,0.46,0.2985,5.0,10,15,2023-03-22 23:15:29.759033
209,2011-01-09,1,0,1,23,0,0,0,1,0.12,0.1364,0.5,0.194,0.0,6,6,2023-03-22 23:15:29.759033
210,2011-01-10,1,0,1,0,0,1,1,1,0.12,0.1212,0.5,0.2836,2.0,3,5,2023-03-22 23:15:29.759033
211,2011-01-10,1,0,1,1,0,1,1,1,0.12,0.1212,0.5,0.2836,1.0,0,1,2023-03-22 23:15:29.759033
212,2011-01-10,1,0,1,2,0,1,1,1,0.12,0.1212,0.5,0.2239,0.0,3,3,2023-03-22 23:15:29.759033
213,2011-01-10,1,0,1,3,0,1,1,1,0.12,0.1212,0.5,0.2239,0.0,1,1,2023-03-22 23:15:29.759033
214,2011-01-10,1,0,1,4,0,1,1,1,0.1,0.1212,0.54,0.1343,1.0,2,3,2023-03-22 23:15:29.759033
215,2011-01-10,1,0,1,5,0,1,1,1,0.1,0.1061,0.54,0.2537,0.0,3,3,2023-03-22 23:15:29.759033
216,2011-01-10,1,0,1,6,0,1,1,1,0.12,0.1212,0.5,0.2836,0.0,31,31,2023-03-22 23:15:29.759033
217,2011-01-10,1,0,1,7,0,1,1,1,0.12,0.1212,0.5,0.2239,2.0,75,77,2023-03-22 23:15:29.759033
218,2011-01-10,1,0,1,8,0,1,1,2,0.12,0.1212,0.5,0.2836,4.0,184,188,2023-03-22 23:15:29.759033
219,2011-01-10,1,0,1,9,0,1,1,2,0.14,0.1212,0.5,0.2537,2.0,92,94,2023-03-22 23:15:29.759033
220,2011-01-10,1,0,1,10,0,1,1,2,0.14,0.1212,0.5,0.2985,0.0,31,31,2023-03-22 23:15:29.759033
221,2011-01-10,1,0,1,11,0,1,1,2,0.16,0.1364,0.47,0.2836,2.0,28,30,2023-03-22 23:15:29.759033
222,2011-01-10,1,0,1,12,0,1,1,2,0.2,0.1818,0.4,0.2836,5.0,47,52,2023-03-22 23:15:29.759033
223,2011-01-10,1,0,1,13,0,1,1,2,0.2,0.1818,0.4,0.2836,4.0,50,54,2023-03-22 23:15:29.759033
224,2011-01-10,1,0,1,14,0,1,1,2,0.2,0.197,0.4,0.2239,0.0,47,47,2023-03-22 23:15:29.759033
225,2011-01-10,1,0,1,15,0,1,1,2,0.2,0.197,0.4,0.2239,2.0,43,45,2023-03-22 23:15:29.759033
226,2011-01-10,1,0,1,16,0,1,1,1,0.2,0.2121,0.4,0.1343,4.0,70,74,2023-03-22 23:15:29.759033
227,2011-01-10,1,0,1,17,0,1,1,1,0.2,0.2273,0.4,0.1045,4.0,174,178,2023-03-22 23:15:29.759033
228,2011-01-10,1,0,1,18,0,1,1,1,0.2,0.197,0.4,0.2239,1.0,154,155,2023-03-22 23:15:29.759033
229,2011-01-10,1,0,1,19,0,1,1,1,0.16,0.1667,0.47,0.1642,3.0,92,95,2023-03-22 23:15:29.759033
230,2011-01-10,1,0,1,20,0,1,1,1,0.16,0.1667,0.5,0.1642,1.0,73,74,2023-03-22 23:15:29.759033
231,2011-01-10,1,0,1,21,0,1,1,1,0.14,0.1364,0.59,0.194,1.0,37,38,2023-03-22 23:15:29.759033
232,2011-01-10,1,0,1,22,0,1,1,1,0.14,0.1515,0.59,0.1642,2.0,22,24,2023-03-22 23:15:29.759033
233,2011-01-10,1,0,1,23,0,1,1,1,0.14,0.1515,0.59,0.1642,0.0,18,18,2023-03-22 23:15:29.759033
234,2011-01-11,1,0,1,0,0,2,1,1,0.14,0.1667,0.59,0.1045,2.0,10,12,2023-03-22 23:15:29.759033
235,2011-01-11,1,0,1,1,0,2,1,1,0.14,0.1515,0.59,0.1642,0.0,3,3,2023-03-22 23:15:29.759033
236,2011-01-11,1,0,1,2,0,2,1,2,0.16,0.1515,0.55,0.194,0.0,3,3,2023-03-22 23:15:29.759033
237,2011-01-11,1,0,1,5,0,2,1,2,0.16,0.1818,0.55,0.1343,0.0,6,6,2023-03-22 23:15:29.759033
238,2011-01-11,1,0,1,6,0,2,1,2,0.16,0.1818,0.55,0.1343,0.0,27,27,2023-03-22 23:15:29.759033
239,2011-01-11,1,0,1,7,0,2,1,2,0.16,0.2273,0.55,0.0,2.0,97,99,2023-03-22 23:15:29.759033
240,2011-01-11,1,0,1,8,0,2,1,2,0.18,0.2121,0.51,0.0896,3.0,214,217,2023-03-22 23:15:29.759033
241,2011-01-11,1,0,1,9,0,2,1,2,0.18,0.197,0.51,0.1642,3.0,127,130,2023-03-22 23:15:29.759033
242,2011-01-11,1,0,1,10,0,2,1,2,0.2,0.2121,0.51,0.1642,3.0,51,54,2023-03-22 23:15:29.759033
243,2011-01-11,1,0,1,11,0,2,1,2,0.2,0.2121,0.47,0.1343,4.0,31,35,2023-03-22 23:15:29.759033
244,2011-01-11,1,0,1,12,0,2,1,2,0.2,0.2273,0.51,0.1045,2.0,55,57,2023-03-22 23:15:29.759033
245,2011-01-11,1,0,1,13,0,2,1,2,0.2,0.2273,0.59,0.0896,6.0,46,52,2023-03-22 23:15:29.759033
246,2011-01-11,1,0,1,14,0,2,1,2,0.2,0.2273,0.59,0.0896,3.0,60,63,2023-03-22 23:15:29.759033
247,2011-01-11,1,0,1,15,0,2,1,2,0.16,0.197,0.8,0.0896,2.0,45,47,2023-03-22 23:15:29.759033
248,2011-01-11,1,0,1,16,0,2,1,2,0.16,0.1515,0.86,0.2239,4.0,72,76,2023-03-22 23:15:29.759033
249,2011-01-11,1,0,1,17,0,2,1,2,0.16,0.1515,0.86,0.2239,6.0,130,136,2023-03-22 23:15:29.759033
250,2011-01-11,1,0,1,18,0,2,1,3,0.16,0.1818,0.93,0.1045,1.0,94,95,2023-03-22 23:15:29.759033
251,2011-01-11,1,0,1,19,0,2,1,3,0.16,0.2273,0.93,0.0,0.0,51,51,2023-03-22 23:15:29.759033
252,2011-01-11,1,0,1,20,0,2,1,3,0.16,0.1515,0.93,0.194,0.0,32,32,2023-03-22 23:15:29.759033
253,2011-01-11,1,0,1,21,0,2,1,3,0.16,0.197,0.86,0.0896,0.0,20,20,2023-03-22 23:15:29.759033
254,2011-01-11,1,0,1,22,0,2,1,3,0.16,0.1818,0.93,0.1045,1.0,28,29,2023-03-22 23:15:29.759033
255,2011-01-11,1,0,1,23,0,2,1,3,0.16,0.197,0.93,0.0896,1.0,18,19,2023-03-22 23:15:29.759033
256,2011-01-12,1,0,1,0,0,3,1,2,0.16,0.197,0.86,0.0896,0.0,7,7,2023-03-22 23:15:29.759033
257,2011-01-12,1,0,1,1,0,3,1,2,0.16,0.1818,0.86,0.1045,0.0,6,6,2023-03-22 23:15:29.759033
258,2011-01-12,1,0,1,2,0,3,1,1,0.14,0.1515,0.86,0.1343,0.0,1,1,2023-03-22 23:15:29.759033
259,2011-01-12,1,0,1,5,0,3,1,1,0.14,0.1515,0.86,0.1642,0.0,5,5,2023-03-22 23:15:29.759033
260,2011-01-12,1,0,1,6,0,3,1,1,0.12,0.1515,0.93,0.1343,0.0,16,16,2023-03-22 23:15:29.759033
261,2011-01-12,1,0,1,7,0,3,1,1,0.14,0.1515,0.69,0.1343,0.0,54,54,2023-03-22 23:15:29.759033
262,2011-01-12,1,0,1,8,0,3,1,1,0.16,0.1667,0.59,0.1642,3.0,125,128,2023-03-22 23:15:29.759033
263,2011-01-12,1,0,1,9,0,3,1,1,0.16,0.1364,0.59,0.3284,3.0,78,81,2023-03-22 23:15:29.759033
264,2011-01-12,1,0,1,10,0,3,1,1,0.18,0.1818,0.55,0.2239,0.0,39,39,2023-03-22 23:15:29.759033
265,2011-01-12,1,0,1,11,0,3,1,1,0.2,0.1818,0.51,0.3881,3.0,32,35,2023-03-22 23:15:29.759033
266,2011-01-12,1,0,1,12,0,3,1,1,0.2,0.1515,0.47,0.5821,3.0,52,55,2023-03-22 23:15:29.759033
267,2011-01-12,1,0,1,13,0,3,1,1,0.22,0.197,0.44,0.3582,0.0,49,49,2023-03-22 23:15:29.759033
268,2011-01-12,1,0,1,14,0,3,1,1,0.2,0.1818,0.47,0.3284,0.0,44,44,2023-03-22 23:15:29.759033
269,2011-01-12,1,0,1,15,0,3,1,1,0.2,0.1667,0.47,0.4179,1.0,48,49,2023-03-22 23:15:29.759033
270,2011-01-12,1,0,1,16,0,3,1,1,0.22,0.197,0.44,0.3284,5.0,63,68,2023-03-22 23:15:29.759033
271,2011-01-12,1,0,1,17,0,3,1,1,0.2,0.1818,0.47,0.3582,0.0,139,139,2023-03-22 23:15:29.759033
272,2011-01-12,1,0,1,18,0,3,1,1,0.2,0.1515,0.47,0.5224,2.0,135,137,2023-03-22 23:15:29.759033
273,2011-01-12,1,0,1,19,0,3,1,1,0.18,0.1515,0.47,0.4179,1.0,82,83,2023-03-22 23:15:29.759033
274,2011-01-12,1,0,1,20,0,3,1,1,0.16,0.1364,0.5,0.3284,2.0,54,56,2023-03-22 23:15:29.759033
275,2011-01-12,1,0,1,21,0,3,1,1,0.16,0.1364,0.55,0.3284,0.0,57,57,2023-03-22 23:15:29.759033
276,2011-01-12,1,0,1,22,0,3,1,1,0.16,0.1212,0.55,0.4478,1.0,32,33,2023-03-22 23:15:29.759033
277,2011-01-12,1,0,1,23,0,3,1,1,0.14,0.1061,0.59,0.4179,1.0,19,20,2023-03-22 23:15:29.759033
278,2011-01-13,1,0,1,0,0,4,1,1,0.14,0.1212,0.59,0.2836,1.0,6,7,2023-03-22 23:15:29.759033
279,2011-01-13,1,0,1,1,0,4,1,1,0.14,0.1212,0.5,0.2836,0.0,2,2,2023-03-22 23:15:29.759033
280,2011-01-13,1,0,1,2,0,4,1,1,0.14,0.1212,0.5,0.3582,0.0,2,2,2023-03-22 23:15:29.759033
281,2011-01-13,1,0,1,3,0,4,1,1,0.14,0.1212,0.5,0.3284,0.0,3,3,2023-03-22 23:15:29.759033
282,2011-01-13,1,0,1,4,0,4,1,1,0.14,0.1212,0.5,0.2537,0.0,4,4,2023-03-22 23:15:29.759033
283,2011-01-13,1,0,1,5,0,4,1,1,0.14,0.1212,0.5,0.2985,0.0,3,3,2023-03-22 23:15:29.759033
284,2011-01-13,1,0,1,6,0,4,1,1,0.12,0.1515,0.54,0.1343,0.0,28,28,2023-03-22 23:15:29.759033
285,2011-01-13,1,0,1,7,0,4,1,1,0.12,0.1515,0.54,0.1343,0.0,72,72,2023-03-22 23:15:29.759033
286,2011-01-13,1,0,1,8,0,4,1,1,0.14,0.1364,0.5,0.194,5.0,197,202,2023-03-22 23:15:29.759033
287,2011-01-13,1,0,1,9,0,4,1,1,0.14,0.1212,0.5,0.3284,2.0,137,139,2023-03-22 23:15:29.759033
288,2011-01-13,1,0,1,10,0,4,1,2,0.16,0.1364,0.5,0.3582,2.0,36,38,2023-03-22 23:15:29.759033
289,2011-01-13,1,0,1,11,0,4,1,2,0.2,0.1667,0.44,0.4478,4.0,33,37,2023-03-22 23:15:29.759033
290,2011-01-13,1,0,1,12,0,4,1,1,0.2,0.1667,0.44,0.4179,3.0,49,52,2023-03-22 23:15:29.759033
291,2011-01-13,1,0,1,13,0,4,1,1,0.22,0.197,0.41,0.4478,2.0,81,83,2023-03-22 23:15:29.759033
292,2011-01-13,1,0,1,14,0,4,1,1,0.22,0.197,0.41,0.3881,3.0,39,42,2023-03-22 23:15:29.759033
293,2011-01-13,1,0,1,15,0,4,1,1,0.24,0.2121,0.38,0.2985,5.0,55,60,2023-03-22 23:15:29.759033
294,2011-01-13,1,0,1,16,0,4,1,1,0.24,0.2121,0.38,0.3582,2.0,76,78,2023-03-22 23:15:29.759033
295,2011-01-13,1,0,1,17,0,4,1,1,0.2,0.1818,0.4,0.2836,4.0,158,162,2023-03-22 23:15:29.759033
296,2011-01-13,1,0,1,18,0,4,1,1,0.2,0.1818,0.4,0.3284,3.0,141,144,2023-03-22 23:15:29.759033
297,2011-01-13,1,0,1,19,0,4,1,1,0.16,0.1515,0.47,0.2537,1.0,98,99,2023-03-22 23:15:29.759033
298,2011-01-13,1,0,1,20,0,4,1,1,0.16,0.1515,0.47,0.2239,0.0,64,64,2023-03-22 23:15:29.759033
299,2011-01-13,1,0,1,21,0,4,1,1,0.14,0.1212,0.46,0.2985,0.0,40,40,2023-03-22 23:15:29.759033
300,2011-01-13,1,0,1,22,0,4,1,1,0.14,0.1212,0.46,0.3284,0.0,30,30,2023-03-22 23:15:29.759033
301,2011-01-13,1,0,1,23,0,4,1,1,0.12,0.1364,0.5,0.194,1.0,14,15,2023-03-22 23:15:29.759033
302,2011-01-14,1,0,1,0,0,5,1,1,0.12,0.1364,0.5,0.194,0.0,14,14,2023-03-22 23:15:29.759033
303,2011-01-14,1,0,1,1,0,5,1,1,0.1,0.1212,0.54,0.1642,0.0,5,5,2023-03-22 23:15:29.759033
304,2011-01-14,1,0,1,2,0,5,1,1,0.1,0.1212,0.54,0.1343,0.0,1,1,2023-03-22 23:15:29.759033
305,2011-01-14,1,0,1,3,0,5,1,1,0.1,0.1364,0.54,0.1045,0.0,1,1,2023-03-22 23:15:29.759033
306,2011-01-14,1,0,1,5,0,5,1,1,0.1,0.1364,0.54,0.0896,0.0,8,8,2023-03-22 23:15:29.759033
307,2011-01-14,1,0,1,6,0,5,1,1,0.1,0.1818,0.54,0.0,0.0,17,17,2023-03-22 23:15:29.759033
308,2011-01-14,1,0,1,7,0,5,1,1,0.1,0.1212,0.74,0.1642,0.0,70,70,2023-03-22 23:15:29.759033
309,2011-01-14,1,0,1,8,0,5,1,1,0.12,0.1667,0.68,0.0,2.0,156,158,2023-03-22 23:15:29.759033
310,2011-01-14,1,0,1,9,0,5,1,1,0.14,0.1515,0.69,0.1343,0.0,117,117,2023-03-22 23:15:29.759033
311,2011-01-14,1,0,1,10,0,5,1,1,0.18,0.1818,0.55,0.194,4.0,40,44,2023-03-22 23:15:29.759033
312,2011-01-14,1,0,1,11,0,5,1,1,0.18,0.1667,0.51,0.2836,6.0,47,53,2023-03-22 23:15:29.759033
313,2011-01-14,1,0,1,12,0,5,1,1,0.2,0.197,0.44,0.2537,2.0,59,61,2023-03-22 23:15:29.759033
314,2011-01-14,1,0,1,13,0,5,1,1,0.22,0.197,0.37,0.3881,4.0,73,77,2023-03-22 23:15:29.759033
315,2011-01-14,1,0,1,14,0,5,1,1,0.22,0.2121,0.41,0.2836,5.0,59,64,2023-03-22 23:15:29.759033
316,2011-01-14,1,0,1,15,0,5,1,1,0.24,0.2424,0.38,0.1642,9.0,59,68,2023-03-22 23:15:29.759033
317,2011-01-14,1,0,1,16,0,5,1,1,0.22,0.2424,0.41,0.1045,3.0,87,90,2023-03-22 23:15:29.759033
318,2011-01-14,1,0,1,17,0,5,1,1,0.22,0.2273,0.41,0.1642,4.0,155,159,2023-03-22 23:15:29.759033
319,2011-01-14,1,0,1,18,0,5,1,1,0.2,0.2576,0.47,0.0,5.0,134,139,2023-03-22 23:15:29.759033
320,2011-01-14,1,0,1,19,0,5,1,1,0.16,0.197,0.59,0.0896,3.0,89,92,2023-03-22 23:15:29.759033
321,2011-01-14,1,0,1,20,0,5,1,1,0.18,0.2424,0.59,0.0,0.0,68,68,2023-03-22 23:15:29.759033
322,2011-01-14,1,0,1,21,0,5,1,1,0.16,0.2273,0.69,0.0,4.0,48,52,2023-03-22 23:15:29.759033
323,2011-01-14,1,0,1,22,0,5,1,2,0.16,0.2273,0.69,0.0,2.0,34,36,2023-03-22 23:15:29.759033
324,2011-01-14,1,0,1,23,0,5,1,2,0.18,0.2424,0.55,0.0,1.0,26,27,2023-03-22 23:15:29.759033
325,2011-01-15,1,0,1,0,0,6,0,1,0.18,0.2424,0.55,0.0,3.0,25,28,2023-03-22 23:15:29.759033
326,2011-01-15,1,0,1,1,0,6,0,2,0.16,0.197,0.59,0.0896,2.0,18,20,2023-03-22 23:15:29.759033
327,2011-01-15,1,0,1,2,0,6,0,2,0.16,0.197,0.59,0.0896,0.0,12,12,2023-03-22 23:15:29.759033
328,2011-01-15,1,0,1,3,0,6,0,2,0.16,0.2273,0.59,0.0,1.0,7,8,2023-03-22 23:15:29.759033
329,2011-01-15,1,0,1,4,0,6,0,2,0.16,0.2273,0.59,0.0,0.0,5,5,2023-03-22 23:15:29.759033
330,2011-01-15,1,0,1,5,0,6,0,1,0.16,0.2273,0.59,0.0,0.0,1,1,2023-03-22 23:15:29.759033
331,2011-01-15,1,0,1,6,0,6,0,1,0.14,0.1667,0.63,0.1045,1.0,2,3,2023-03-22 23:15:29.759033
332,2011-01-15,1,0,1,7,0,6,0,1,0.14,0.2121,0.63,0.0,1.0,9,10,2023-03-22 23:15:29.759033
333,2011-01-15,1,0,1,8,0,6,0,1,0.14,0.1515,0.63,0.1343,1.0,22,23,2023-03-22 23:15:29.759033
334,2011-01-15,1,0,1,9,0,6,0,1,0.16,0.1818,0.64,0.1343,2.0,31,33,2023-03-22 23:15:29.759033
335,2011-01-15,1,0,1,10,0,6,0,1,0.18,0.197,0.59,0.1642,2.0,57,59,2023-03-22 23:15:29.759033
336,2011-01-15,1,0,1,11,0,6,0,1,0.2,0.197,0.55,0.2239,18.0,54,72,2023-03-22 23:15:29.759033
337,2011-01-15,1,0,1,12,0,6,0,1,0.24,0.2273,0.48,0.2239,15.0,74,89,2023-03-22 23:15:29.759033
338,2011-01-15,1,0,1,13,0,6,0,1,0.28,0.2576,0.38,0.2985,21.0,80,101,2023-03-22 23:15:29.759033
339,2011-01-15,1,0,1,14,0,6,0,1,0.3,0.2879,0.39,0.2836,26.0,92,118,2023-03-22 23:15:29.759033
340,2011-01-15,1,0,1,15,0,6,0,2,0.32,0.3182,0.36,0.194,21.0,108,129,2023-03-22 23:15:29.759033
341,2011-01-15,1,0,1,16,0,6,0,2,0.34,0.3333,0.34,0.194,33.0,95,128,2023-03-22 23:15:29.759033
342,2011-01-15,1,0,1,17,0,6,0,2,0.32,0.303,0.36,0.2836,29.0,54,83,2023-03-22 23:15:29.759033
343,2011-01-15,1,0,1,18,0,6,0,2,0.3,0.2879,0.45,0.2537,15.0,69,84,2023-03-22 23:15:29.759033
344,2011-01-15,1,0,1,19,0,6,0,2,0.32,0.303,0.39,0.2537,14.0,60,74,2023-03-22 23:15:29.759033
345,2011-01-15,1,0,1,20,0,6,0,2,0.32,0.303,0.39,0.2537,6.0,35,41,2023-03-22 23:15:29.759033
346,2011-01-15,1,0,1,21,0,6,0,2,0.32,0.303,0.39,0.2239,6.0,51,57,2023-03-22 23:15:29.759033
347,2011-01-15,1,0,1,22,0,6,0,2,0.3,0.3182,0.42,0.1045,0.0,26,26,2023-03-22 23:15:29.759033
348,2011-01-15,1,0,1,23,0,6,0,1,0.3,0.2879,0.45,0.2836,5.0,39,44,2023-03-22 23:15:29.759033
349,2011-01-16,1,0,1,0,0,0,0,1,0.26,0.303,0.56,0.0,6.0,33,39,2023-03-22 23:15:29.759033
350,2011-01-16,1,0,1,1,0,0,0,1,0.26,0.2727,0.56,0.1343,4.0,19,23,2023-03-22 23:15:29.759033
351,2011-01-16,1,0,1,2,0,0,0,1,0.26,0.2879,0.56,0.0896,3.0,13,16,2023-03-22 23:15:29.759033
352,2011-01-16,1,0,1,3,0,0,0,1,0.22,0.2727,0.69,0.0,9.0,6,15,2023-03-22 23:15:29.759033
353,2011-01-16,1,0,1,4,0,0,0,1,0.26,0.2576,0.56,0.1642,0.0,1,1,2023-03-22 23:15:29.759033
354,2011-01-16,1,0,1,5,0,0,0,2,0.26,0.2576,0.56,0.1642,1.0,1,2,2023-03-22 23:15:29.759033
355,2011-01-16,1,0,1,6,0,0,0,2,0.26,0.2576,0.56,0.1642,0.0,1,1,2023-03-22 23:15:29.759033
356,2011-01-16,1,0,1,7,0,0,0,2,0.24,0.2121,0.56,0.2985,0.0,3,3,2023-03-22 23:15:29.759033
357,2011-01-16,1,0,1,8,0,0,0,1,0.22,0.2121,0.55,0.2836,0.0,18,18,2023-03-22 23:15:29.759033
358,2011-01-16,1,0,1,9,0,0,0,1,0.22,0.2121,0.51,0.2537,3.0,29,32,2023-03-22 23:15:29.759033
359,2011-01-16,1,0,1,10,0,0,0,1,0.22,0.2121,0.51,0.2836,8.0,71,79,2023-03-22 23:15:29.759033
360,2011-01-16,1,0,1,11,0,0,0,1,0.24,0.2273,0.44,0.2537,23.0,70,93,2023-03-22 23:15:29.759033
361,2011-01-16,1,0,1,12,0,0,0,1,0.24,0.2121,0.41,0.2836,29.0,75,104,2023-03-22 23:15:29.759033
362,2011-01-16,1,0,1,13,0,0,0,1,0.26,0.2273,0.35,0.2985,23.0,95,118,2023-03-22 23:15:29.759033
363,2011-01-16,1,0,1,14,0,0,0,1,0.28,0.2727,0.36,0.2537,22.0,69,91,2023-03-22 23:15:29.759033
364,2011-01-16,1,0,1,15,0,0,0,1,0.26,0.2424,0.38,0.2537,35.0,78,113,2023-03-22 23:15:29.759033
365,2011-01-16,1,0,1,16,0,0,0,1,0.24,0.2273,0.38,0.2239,22.0,77,99,2023-03-22 23:15:29.759033
366,2011-01-16,1,0,1,17,0,0,0,1,0.22,0.2121,0.37,0.2537,23.0,82,105,2023-03-22 23:15:29.759033
367,2011-01-16,1,0,1,18,0,0,0,1,0.2,0.2121,0.4,0.1642,11.0,56,67,2023-03-22 23:15:29.759033
368,2011-01-16,1,0,1,19,0,0,0,1,0.18,0.197,0.47,0.1343,14.0,47,61,2023-03-22 23:15:29.759033
369,2011-01-16,1,0,1,20,0,0,0,1,0.18,0.197,0.47,0.1642,7.0,50,57,2023-03-22 23:15:29.759033
370,2011-01-16,1,0,1,21,0,0,0,1,0.18,0.197,0.51,0.1642,6.0,22,28,2023-03-22 23:15:29.759033
371,2011-01-16,1,0,1,22,0,0,0,2,0.2,0.2121,0.49,0.1343,2.0,19,21,2023-03-22 23:15:29.759033
372,2011-01-16,1,0,1,23,0,0,0,2,0.2,0.2273,0.4,0.1045,0.0,18,18,2023-03-22 23:15:29.759033
373,2011-01-17,1,0,1,0,1,1,0,2,0.2,0.197,0.47,0.2239,1.0,16,17,2023-03-22 23:15:29.759033
374,2011-01-17,1,0,1,1,1,1,0,2,0.2,0.197,0.44,0.194,1.0,15,16,2023-03-22 23:15:29.759033
375,2011-01-17,1,0,1,2,1,1,0,2,0.18,0.1667,0.43,0.2537,0.0,8,8,2023-03-22 23:15:29.759033
376,2011-01-17,1,0,1,3,1,1,0,2,0.18,0.1818,0.43,0.194,0.0,2,2,2023-03-22 23:15:29.759033
377,2011-01-17,1,0,1,4,1,1,0,2,0.18,0.197,0.43,0.1343,1.0,2,3,2023-03-22 23:15:29.759033
378,2011-01-17,1,0,1,5,1,1,0,2,0.18,0.197,0.43,0.1642,0.0,1,1,2023-03-22 23:15:29.759033
379,2011-01-17,1,0,1,6,1,1,0,2,0.18,0.1818,0.43,0.194,0.0,5,5,2023-03-22 23:15:29.759033
380,2011-01-17,1,0,1,7,1,1,0,2,0.16,0.1818,0.5,0.1343,4.0,9,13,2023-03-22 23:15:29.759033
381,2011-01-17,1,0,1,8,1,1,0,2,0.16,0.1515,0.47,0.2239,3.0,30,33,2023-03-22 23:15:29.759033
382,2011-01-17,1,0,1,9,1,1,0,2,0.16,0.1515,0.47,0.2239,8.0,39,47,2023-03-22 23:15:29.759033
383,2011-01-17,1,0,1,10,1,1,0,2,0.16,0.1515,0.5,0.2537,7.0,50,57,2023-03-22 23:15:29.759033
384,2011-01-17,1,0,1,11,1,1,0,2,0.16,0.1515,0.55,0.194,9.0,55,64,2023-03-22 23:15:29.759033
385,2011-01-17,1,0,1,12,1,1,0,2,0.18,0.197,0.47,0.1343,10.0,70,80,2023-03-22 23:15:29.759033
386,2011-01-17,1,0,1,13,1,1,0,2,0.18,0.197,0.47,0.1343,13.0,80,93,2023-03-22 23:15:29.759033
387,2011-01-17,1,0,1,14,1,1,0,2,0.18,0.2121,0.43,0.1045,12.0,74,86,2023-03-22 23:15:29.759033
388,2011-01-17,1,0,1,15,1,1,0,2,0.2,0.2121,0.47,0.1642,21.0,72,93,2023-03-22 23:15:29.759033
389,2011-01-17,1,0,1,16,1,1,0,2,0.2,0.2121,0.47,0.1642,6.0,76,82,2023-03-22 23:15:29.759033
390,2011-01-17,1,0,1,17,1,1,0,1,0.2,0.197,0.51,0.194,4.0,67,71,2023-03-22 23:15:29.759033
391,2011-01-17,1,0,1,18,1,1,0,2,0.18,0.1667,0.55,0.2537,7.0,85,92,2023-03-22 23:15:29.759033
392,2011-01-17,1,0,1,19,1,1,0,3,0.18,0.1818,0.59,0.194,2.0,58,60,2023-03-22 23:15:29.759033
393,2011-01-17,1,0,1,20,1,1,0,3,0.16,0.1515,0.8,0.194,4.0,29,33,2023-03-22 23:15:29.759033
394,2011-01-17,1,0,1,21,1,1,0,3,0.16,0.1515,0.8,0.194,3.0,24,27,2023-03-22 23:15:29.759033
395,2011-01-17,1,0,1,22,1,1,0,3,0.14,0.1212,0.93,0.2537,0.0,13,13,2023-03-22 23:15:29.759033
396,2011-01-17,1,0,1,23,1,1,0,3,0.16,0.1364,0.86,0.2836,1.0,3,4,2023-03-22 23:15:29.759033
397,2011-01-18,1,0,1,12,0,2,1,2,0.2,0.1818,0.86,0.3284,0.0,3,3,2023-03-22 23:15:29.759033
398,2011-01-18,1,0,1,13,0,2,1,2,0.2,0.197,0.86,0.2239,0.0,22,22,2023-03-22 23:15:29.759033
399,2011-01-18,1,0,1,14,0,2,1,2,0.22,0.2273,0.8,0.1642,2.0,26,28,2023-03-22 23:15:29.759033
400,2011-01-18,1,0,1,15,0,2,1,2,0.22,0.2273,0.87,0.1642,3.0,32,35,2023-03-22 23:15:29.759033
401,2011-01-18,1,0,1,16,0,2,1,2,0.22,0.2273,0.87,0.194,0.0,61,61,2023-03-22 23:15:29.759033
402,2011-01-18,1,0,1,17,0,2,1,2,0.22,0.2273,0.82,0.194,1.0,124,125,2023-03-22 23:15:29.759033
403,2011-01-18,1,0,1,18,0,2,1,2,0.22,0.2273,0.8,0.1642,1.0,132,133,2023-03-22 23:15:29.759033
404,2011-01-18,1,0,1,19,0,2,1,2,0.22,0.2273,0.8,0.1343,1.0,98,99,2023-03-22 23:15:29.759033
405,2011-01-18,1,0,1,20,0,2,1,2,0.22,0.2727,0.87,0.0,0.0,83,83,2023-03-22 23:15:29.759033
406,2011-01-18,1,0,1,21,0,2,1,2,0.22,0.2424,0.93,0.1045,0.0,41,41,2023-03-22 23:15:29.759033
407,2011-01-18,1,0,1,22,0,2,1,2,0.22,0.2576,0.93,0.0896,0.0,33,33,2023-03-22 23:15:29.759033
408,2011-01-18,1,0,1,23,0,2,1,2,0.22,0.2727,0.93,0.0,1.0,19,20,2023-03-22 23:15:29.759033
409,2011-01-19,1,0,1,0,0,3,1,2,0.22,0.2727,0.93,0.0,0.0,3,3,2023-03-22 23:15:29.759033
410,2011-01-19,1,0,1,1,0,3,1,3,0.22,0.2273,0.93,0.1343,1.0,6,7,2023-03-22 23:15:29.759033
411,2011-01-19,1,0,1,2,0,3,1,3,0.22,0.2273,0.93,0.1343,0.0,3,3,2023-03-22 23:15:29.759033
412,2011-01-19,1,0,1,4,0,3,1,3,0.22,0.2273,0.93,0.1343,1.0,1,2,2023-03-22 23:15:29.759033
413,2011-01-19,1,0,1,5,0,3,1,2,0.22,0.2576,0.93,0.0896,0.0,7,7,2023-03-22 23:15:29.759033
414,2011-01-19,1,0,1,6,0,3,1,2,0.22,0.2576,0.93,0.0896,0.0,32,32,2023-03-22 23:15:29.759033
415,2011-01-19,1,0,1,7,0,3,1,2,0.24,0.2576,0.92,0.1045,1.0,89,90,2023-03-22 23:15:29.759033
416,2011-01-19,1,0,1,8,0,3,1,2,0.24,0.2576,0.93,0.1045,1.0,196,197,2023-03-22 23:15:29.759033
417,2011-01-19,1,0,1,9,0,3,1,2,0.24,0.2576,0.93,0.1045,2.0,107,109,2023-03-22 23:15:29.759033
418,2011-01-19,1,0,1,10,0,3,1,2,0.26,0.2727,0.93,0.1343,1.0,46,47,2023-03-22 23:15:29.759033
419,2011-01-19,1,0,1,11,0,3,1,2,0.28,0.303,0.87,0.0896,5.0,47,52,2023-03-22 23:15:29.759033
420,2011-01-19,1,0,1,12,0,3,1,2,0.3,0.3182,0.81,0.0896,5.0,65,70,2023-03-22 23:15:29.759033
421,2011-01-19,1,0,1,13,0,3,1,1,0.4,0.4091,0.62,0.2836,11.0,67,78,2023-03-22 23:15:29.759033
422,2011-01-19,1,0,1,14,0,3,1,1,0.4,0.4091,0.58,0.2537,7.0,68,75,2023-03-22 23:15:29.759033
423,2011-01-19,1,0,1,15,0,3,1,1,0.4,0.4091,0.54,0.2836,4.0,78,82,2023-03-22 23:15:29.759033
424,2011-01-19,1,0,1,16,0,3,1,1,0.38,0.3939,0.58,0.3881,10.0,94,104,2023-03-22 23:15:29.759033
425,2011-01-19,1,0,1,17,0,3,1,1,0.36,0.3333,0.57,0.3284,7.0,190,197,2023-03-22 23:15:29.759033
426,2011-01-19,1,0,1,18,0,3,1,1,0.34,0.3182,0.61,0.2836,5.0,156,161,2023-03-22 23:15:29.759033
427,2011-01-19,1,0,1,19,0,3,1,1,0.32,0.2879,0.57,0.4179,4.0,108,112,2023-03-22 23:15:29.759033
428,2011-01-19,1,0,1,20,0,3,1,1,0.32,0.303,0.49,0.2985,2.0,74,76,2023-03-22 23:15:29.759033
429,2011-01-19,1,0,1,21,0,3,1,1,0.32,0.2879,0.49,0.4179,4.0,55,59,2023-03-22 23:15:29.759033
430,2011-01-19,1,0,1,22,0,3,1,1,0.3,0.303,0.52,0.1642,6.0,53,59,2023-03-22 23:15:29.759033
431,2011-01-19,1,0,1,23,0,3,1,1,0.3,0.2727,0.52,0.4627,1.0,27,28,2023-03-22 23:15:29.759033
432,2011-01-20,1,0,1,0,0,4,1,1,0.26,0.2273,0.56,0.3881,5.0,8,13,2023-03-22 23:15:29.759033
433,2011-01-20,1,0,1,1,0,4,1,1,0.26,0.2727,0.56,0.0,2.0,3,5,2023-03-22 23:15:29.759033
434,2011-01-20,1,0,1,2,0,4,1,1,0.26,0.2727,0.56,0.0,0.0,2,2,2023-03-22 23:15:29.759033
435,2011-01-20,1,0,1,3,0,4,1,1,0.26,0.2576,0.56,0.1642,0.0,1,1,2023-03-22 23:15:29.759033
436,2011-01-20,1,0,1,4,0,4,1,1,0.26,0.2576,0.56,0.1642,0.0,1,1,2023-03-22 23:15:29.759033
437,2011-01-20,1,0,1,5,0,4,1,1,0.24,0.2273,0.6,0.2239,0.0,6,6,2023-03-22 23:15:29.759033
438,2011-01-20,1,0,1,6,0,4,1,1,0.22,0.2121,0.6,0.2239,0.0,35,35,2023-03-22 23:15:29.759033
439,2011-01-20,1,0,1,7,0,4,1,1,0.22,0.2121,0.55,0.2239,1.0,100,101,2023-03-22 23:15:29.759033
440,2011-01-20,1,0,1,8,0,4,1,1,0.22,0.2121,0.55,0.2836,2.0,247,249,2023-03-22 23:15:29.759033
441,2011-01-20,1,0,1,9,0,4,1,2,0.24,0.2273,0.52,0.2239,3.0,140,143,2023-03-22 23:15:29.759033
442,2011-01-20,1,0,1,10,0,4,1,1,0.26,0.2273,0.48,0.2985,1.0,56,57,2023-03-22 23:15:29.759033
443,2011-01-20,1,0,1,11,0,4,1,2,0.28,0.2727,0.45,0.1642,5.0,63,68,2023-03-22 23:15:29.759033
444,2011-01-20,1,0,1,12,0,4,1,2,0.3,0.3333,0.42,0.0,7.0,77,84,2023-03-22 23:15:29.759033
445,2011-01-20,1,0,1,13,0,4,1,2,0.28,0.2879,0.45,0.1045,12.0,86,98,2023-03-22 23:15:29.759033
446,2011-01-20,1,0,1,14,0,4,1,2,0.3,0.303,0.45,0.1343,6.0,75,81,2023-03-22 23:15:29.759033
447,2011-01-20,1,0,1,15,0,4,1,2,0.32,0.3182,0.45,0.194,8.0,62,70,2023-03-22 23:15:29.759033
448,2011-01-20,1,0,1,16,0,4,1,2,0.3,0.303,0.49,0.1343,8.0,83,91,2023-03-22 23:15:29.759033
449,2011-01-20,1,0,1,17,0,4,1,2,0.3,0.3182,0.49,0.1045,8.0,207,215,2023-03-22 23:15:29.759033
450,2011-01-20,1,0,1,18,0,4,1,2,0.26,0.2576,0.56,0.194,1.0,184,185,2023-03-22 23:15:29.759033
451,2011-01-20,1,0,1,19,0,4,1,1,0.26,0.2273,0.56,0.3284,6.0,146,152,2023-03-22 23:15:29.759033
452,2011-01-20,1,0,1,20,0,4,1,2,0.26,0.2424,0.6,0.2836,2.0,124,126,2023-03-22 23:15:29.759033
453,2011-01-20,1,0,1,21,0,4,1,2,0.24,0.2273,0.6,0.2537,3.0,54,57,2023-03-22 23:15:29.759033
454,2011-01-20,1,0,1,22,0,4,1,2,0.24,0.2121,0.65,0.2836,0.0,56,56,2023-03-22 23:15:29.759033
455,2011-01-20,1,0,1,23,0,4,1,2,0.24,0.2121,0.65,0.3284,3.0,28,31,2023-03-22 23:15:29.759033
456,2011-01-21,1,0,1,0,0,5,1,2,0.24,0.2273,0.7,0.2537,1.0,20,21,2023-03-22 23:15:29.759033
457,2011-01-21,1,0,1,1,0,5,1,2,0.24,0.2273,0.7,0.2537,0.0,6,6,2023-03-22 23:15:29.759033
458,2011-01-21,1,0,1,2,0,5,1,3,0.24,0.2424,0.75,0.1642,0.0,2,2,2023-03-22 23:15:29.759033
459,2011-01-21,1,0,1,3,0,5,1,3,0.22,0.2121,0.8,0.2985,0.0,1,1,2023-03-22 23:15:29.759033
460,2011-01-21,1,0,1,4,0,5,1,2,0.22,0.2576,0.87,0.0896,0.0,1,1,2023-03-22 23:15:29.759033
461,2011-01-21,1,0,1,5,0,5,1,1,0.24,0.197,0.6,0.4179,1.0,4,5,2023-03-22 23:15:29.759033
462,2011-01-21,1,0,1,6,0,5,1,1,0.22,0.2121,0.55,0.2537,0.0,27,27,2023-03-22 23:15:29.759033
463,2011-01-21,1,0,1,7,0,5,1,1,0.2,0.1818,0.51,0.2836,2.0,66,68,2023-03-22 23:15:29.759033
464,2011-01-21,1,0,1,8,0,5,1,1,0.2,0.1818,0.47,0.3284,7.0,210,217,2023-03-22 23:15:29.759033
465,2011-01-21,1,0,1,9,0,5,1,1,0.2,0.1818,0.51,0.3582,7.0,159,166,2023-03-22 23:15:29.759033
466,2011-01-21,1,0,1,10,0,5,1,1,0.2,0.1667,0.47,0.4627,6.0,57,63,2023-03-22 23:15:29.759033
467,2011-01-21,1,0,1,11,0,5,1,1,0.22,0.1818,0.41,0.4627,6.0,53,59,2023-03-22 23:15:29.759033
468,2011-01-21,1,0,1,12,0,5,1,1,0.22,0.1818,0.27,0.5821,11.0,67,78,2023-03-22 23:15:29.759033
469,2011-01-21,1,0,1,13,0,5,1,1,0.2,0.1515,0.21,0.5821,8.0,65,73,2023-03-22 23:15:29.759033
470,2011-01-21,1,0,1,14,0,5,1,1,0.2,0.1515,0.25,0.5224,6.0,56,62,2023-03-22 23:15:29.759033
471,2011-01-21,1,0,1,15,0,5,1,1,0.16,0.1212,0.26,0.4478,4.0,61,65,2023-03-22 23:15:29.759033
472,2011-01-21,1,0,1,16,0,5,1,1,0.16,0.1364,0.26,0.3582,0.0,97,97,2023-03-22 23:15:29.759033
473,2011-01-21,1,0,1,17,0,5,1,1,0.14,0.1212,0.28,0.3582,10.0,151,161,2023-03-22 23:15:29.759033
474,2011-01-21,1,0,1,18,0,5,1,1,0.12,0.1212,0.3,0.2537,1.0,119,120,2023-03-22 23:15:29.759033
475,2011-01-21,1,0,1,19,0,5,1,1,0.12,0.1061,0.3,0.3284,3.0,93,96,2023-03-22 23:15:29.759033
476,2011-01-21,1,0,1,20,0,5,1,1,0.1,0.0758,0.33,0.4179,1.0,52,53,2023-03-22 23:15:29.759033
477,2011-01-21,1,0,1,21,0,5,1,1,0.08,0.0758,0.38,0.2836,0.0,41,41,2023-03-22 23:15:29.759033
478,2011-01-21,1,0,1,22,0,5,1,1,0.06,0.0303,0.41,0.3881,1.0,33,34,2023-03-22 23:15:29.759033
479,2011-01-21,1,0,1,23,0,5,1,1,0.06,0.0455,0.38,0.3284,0.0,27,27,2023-03-22 23:15:29.759033
480,2011-01-22,1,0,1,0,0,6,0,1,0.04,0.0303,0.45,0.2537,0.0,13,13,2023-03-22 23:15:29.759033
481,2011-01-22,1,0,1,1,0,6,0,2,0.04,0.0,0.41,0.3881,3.0,9,12,2023-03-22 23:15:29.759033
482,2011-01-22,1,0,1,2,0,6,0,2,0.04,0.0303,0.41,0.2537,0.0,11,11,2023-03-22 23:15:29.759033
483,2011-01-22,1,0,1,3,0,6,0,2,0.04,0.0303,0.41,0.2836,1.0,6,7,2023-03-22 23:15:29.759033
484,2011-01-22,1,0,1,4,0,6,0,2,0.02,0.0152,0.48,0.2985,0.0,3,3,2023-03-22 23:15:29.759033
485,2011-01-22,1,0,1,6,0,6,0,2,0.02,0.0303,0.44,0.2239,0.0,2,2,2023-03-22 23:15:29.759033
486,2011-01-22,1,0,1,7,0,6,0,1,0.02,0.0152,0.44,0.2836,0.0,8,8,2023-03-22 23:15:29.759033
487,2011-01-22,1,0,1,8,0,6,0,1,0.02,0.0,0.44,0.3284,1.0,26,27,2023-03-22 23:15:29.759033
488,2011-01-22,1,0,1,9,0,6,0,1,0.04,0.0303,0.41,0.2537,3.0,37,40,2023-03-22 23:15:29.759033
489,2011-01-22,1,0,1,10,0,6,0,2,0.04,0.0606,0.41,0.1642,3.0,50,53,2023-03-22 23:15:29.759033
490,2011-01-22,1,0,1,11,0,6,0,2,0.06,0.0758,0.38,0.1343,4.0,59,63,2023-03-22 23:15:29.759033
491,2011-01-22,1,0,1,12,0,6,0,2,0.06,0.1061,0.38,0.1045,10.0,60,70,2023-03-22 23:15:29.759033
492,2011-01-22,1,0,1,13,0,6,0,1,0.08,0.1667,0.35,0.0,12.0,72,84,2023-03-22 23:15:29.759033
493,2011-01-22,1,0,1,14,0,6,0,1,0.1,0.1364,0.33,0.1045,11.0,64,75,2023-03-22 23:15:29.759033
494,2011-01-22,1,0,1,15,0,6,0,1,0.12,0.1515,0.28,0.0,10.0,93,103,2023-03-22 23:15:29.759033
495,2011-01-22,1,0,1,16,0,6,0,1,0.12,0.1364,0.28,0.194,11.0,72,83,2023-03-22 23:15:29.759033
496,2011-01-22,1,0,1,17,0,6,0,1,0.12,0.197,0.28,0.0,8.0,59,67,2023-03-22 23:15:29.759033
497,2011-01-22,1,0,1,18,0,6,0,1,0.08,0.0909,0.35,0.194,0.0,54,54,2023-03-22 23:15:29.759033
498,2011-01-22,1,0,1,19,0,6,0,1,0.08,0.1061,0.35,0.1343,6.0,53,59,2023-03-22 23:15:29.759033
499,2011-01-22,1,0,1,20,0,6,0,1,0.06,0.0758,0.45,0.1642,1.0,44,45,2023-03-22 23:15:29.759033
500,2011-01-22,1,0,1,21,0,6,0,1,0.06,0.1061,0.41,0.0896,0.0,39,39,2023-03-22 23:15:29.759033
501,2011-01-22,1,0,1,22,0,6,0,1,0.06,0.1515,0.49,0.0,7.0,23,30,2023-03-22 23:15:29.759033
502,2011-01-22,1,0,1,23,0,6,0,1,0.04,0.0758,0.57,0.1045,2.0,31,33,2023-03-22 23:15:29.759033
503,2011-01-23,1,0,1,0,0,0,0,1,0.04,0.0758,0.57,0.1045,2.0,20,22,2023-03-22 23:15:29.759033
504,2011-01-23,1,0,1,1,0,0,0,1,0.04,0.0758,0.57,0.1045,1.0,12,13,2023-03-22 23:15:29.759033
505,2011-01-23,1,0,1,2,0,0,0,1,0.02,0.0606,0.62,0.1343,3.0,15,18,2023-03-22 23:15:29.759033
506,2011-01-23,1,0,1,3,0,0,0,1,0.02,0.0606,0.62,0.1343,1.0,4,5,2023-03-22 23:15:29.759033
507,2011-01-23,1,0,1,5,0,0,0,2,0.04,0.0758,0.57,0.1045,0.0,3,3,2023-03-22 23:15:29.759033
508,2011-01-23,1,0,1,6,0,0,0,2,0.04,0.0758,0.57,0.1045,0.0,1,1,2023-03-22 23:15:29.759033
509,2011-01-23,1,0,1,7,0,0,0,1,0.08,0.1061,0.58,0.1642,1.0,1,2,2023-03-22 23:15:29.759033
510,2011-01-23,1,0,1,8,0,0,0,1,0.06,0.0758,0.62,0.1642,2.0,17,19,2023-03-22 23:15:29.759033
511,2011-01-23,1,0,1,9,0,0,0,1,0.1,0.0758,0.54,0.3582,3.0,25,28,2023-03-22 23:15:29.759033
512,2011-01-23,1,0,1,10,0,0,0,1,0.14,0.1061,0.46,0.3881,7.0,51,58,2023-03-22 23:15:29.759033
513,2011-01-23,1,0,1,11,0,0,0,1,0.14,0.1364,0.43,0.2239,22.0,77,99,2023-03-22 23:15:29.759033
514,2011-01-23,1,0,1,12,0,0,0,1,0.16,0.1212,0.37,0.4627,24.0,92,116,2023-03-22 23:15:29.759033
515,2011-01-23,1,0,1,13,0,0,0,1,0.14,0.1061,0.33,0.3881,12.0,75,87,2023-03-22 23:15:29.759033
516,2011-01-23,1,0,1,14,0,0,0,1,0.16,0.1364,0.28,0.3582,17.0,93,110,2023-03-22 23:15:29.759033
517,2011-01-23,1,0,1,15,0,0,0,1,0.16,0.1364,0.28,0.3582,13.0,64,77,2023-03-22 23:15:29.759033
518,2011-01-23,1,0,1,16,0,0,0,1,0.16,0.1364,0.26,0.3284,9.0,56,65,2023-03-22 23:15:29.759033
519,2011-01-23,1,0,1,17,0,0,0,1,0.14,0.1061,0.26,0.3881,5.0,50,55,2023-03-22 23:15:29.759033
520,2011-01-23,1,0,1,18,0,0,0,1,0.12,0.1212,0.3,0.2537,5.0,44,49,2023-03-22 23:15:29.759033
521,2011-01-23,1,0,1,19,0,0,0,1,0.12,0.1212,0.3,0.2836,5.0,45,50,2023-03-22 23:15:29.759033
522,2011-01-23,1,0,1,20,0,0,0,1,0.1,0.1061,0.36,0.2537,4.0,31,35,2023-03-22 23:15:29.759033
523,2011-01-23,1,0,1,21,0,0,0,1,0.1,0.1061,0.36,0.194,5.0,20,25,2023-03-22 23:15:29.759033
524,2011-01-23,1,0,1,22,0,0,0,1,0.08,0.0909,0.38,0.194,5.0,23,28,2023-03-22 23:15:29.759033
525,2011-01-23,1,0,1,23,0,0,0,1,0.06,0.0606,0.41,0.2239,4.0,17,21,2023-03-22 23:15:29.759033
526,2011-01-24,1,0,1,0,0,1,1,1,0.06,0.0606,0.41,0.194,0.0,7,7,2023-03-22 23:15:29.759033
527,2011-01-24,1,0,1,1,0,1,1,1,0.04,0.0455,0.45,0.194,0.0,1,1,2023-03-22 23:15:29.759033
528,2011-01-24,1,0,1,3,0,1,1,1,0.04,0.0303,0.45,0.2537,0.0,1,1,2023-03-22 23:15:29.759033
529,2011-01-24,1,0,1,4,0,1,1,1,0.02,0.0606,0.48,0.1343,0.0,1,1,2023-03-22 23:15:29.759033
530,2011-01-24,1,0,1,5,0,1,1,1,0.02,0.0606,0.48,0.1343,0.0,5,5,2023-03-22 23:15:29.759033
531,2011-01-24,1,0,1,6,0,1,1,1,0.02,0.0758,0.48,0.0896,0.0,15,15,2023-03-22 23:15:29.759033
532,2011-01-24,1,0,1,7,0,1,1,1,0.02,0.1212,0.48,0.0,5.0,79,84,2023-03-22 23:15:29.759033
533,2011-01-24,1,0,1,8,0,1,1,1,0.04,0.1364,0.49,0.0,6.0,171,177,2023-03-22 23:15:29.759033
534,2011-01-24,1,0,1,9,0,1,1,1,0.06,0.1515,0.41,0.0,4.0,98,102,2023-03-22 23:15:29.759033
535,2011-01-24,1,0,1,10,0,1,1,1,0.1,0.1364,0.42,0.0,6.0,34,40,2023-03-22 23:15:29.759033
536,2011-01-24,1,0,1,11,0,1,1,1,0.1,0.1212,0.46,0.1343,3.0,43,46,2023-03-22 23:15:29.759033
537,2011-01-24,1,0,1,12,0,1,1,2,0.12,0.1364,0.42,0.194,11.0,52,63,2023-03-22 23:15:29.759033
538,2011-01-24,1,0,1,13,0,1,1,2,0.14,0.1364,0.43,0.2239,6.0,54,60,2023-03-22 23:15:29.759033
539,2011-01-24,1,0,1,14,0,1,1,2,0.14,0.1364,0.46,0.2239,2.0,43,45,2023-03-22 23:15:29.759033
540,2011-01-24,1,0,1,15,0,1,1,1,0.16,0.1667,0.4,0.1642,7.0,50,57,2023-03-22 23:15:29.759033
541,2011-01-24,1,0,1,16,0,1,1,1,0.16,0.1515,0.47,0.2537,4.0,66,70,2023-03-22 23:15:29.759033
542,2011-01-24,1,0,1,17,0,1,1,1,0.14,0.1212,0.5,0.2537,6.0,178,184,2023-03-22 23:15:29.759033
543,2011-01-24,1,0,1,18,0,1,1,1,0.14,0.1364,0.59,0.194,8.0,145,153,2023-03-22 23:15:29.759033
544,2011-01-24,1,0,1,19,0,1,1,1,0.14,0.1515,0.54,0.1642,5.0,101,106,2023-03-22 23:15:29.759033
545,2011-01-24,1,0,1,20,0,1,1,1,0.14,0.1364,0.59,0.194,1.0,80,81,2023-03-22 23:15:29.759033
546,2011-01-24,1,0,1,21,0,1,1,1,0.14,0.1515,0.63,0.1642,6.0,53,59,2023-03-22 23:15:29.759033
547,2011-01-24,1,0,1,22,0,1,1,2,0.14,0.1364,0.63,0.2239,3.0,32,35,2023-03-22 23:15:29.759033
548,2011-01-24,1,0,1,23,0,1,1,2,0.16,0.1515,0.64,0.2537,3.0,21,24,2023-03-22 23:15:29.759033
549,2011-01-25,1,0,1,0,0,2,1,2,0.16,0.1364,0.69,0.2836,3.0,6,9,2023-03-22 23:15:29.759033
550,2011-01-25,1,0,1,1,0,2,1,2,0.16,0.1667,0.69,0.1642,0.0,5,5,2023-03-22 23:15:29.759033
551,2011-01-25,1,0,1,2,0,2,1,1,0.16,0.1515,0.69,0.2239,0.0,2,2,2023-03-22 23:15:29.759033
552,2011-01-25,1,0,1,4,0,2,1,1,0.14,0.1667,0.74,0.1045,0.0,1,1,2023-03-22 23:15:29.759033
553,2011-01-25,1,0,1,5,0,2,1,1,0.14,0.1364,0.74,0.2239,0.0,9,9,2023-03-22 23:15:29.759033
554,2011-01-25,1,0,1,6,0,2,1,1,0.16,0.1818,0.74,0.1045,1.0,35,36,2023-03-22 23:15:29.759033
555,2011-01-25,1,0,1,7,0,2,1,1,0.16,0.1515,0.74,0.2239,5.0,103,108,2023-03-22 23:15:29.759033
556,2011-01-25,1,0,1,8,0,2,1,2,0.16,0.1818,0.74,0.1343,5.0,233,238,2023-03-22 23:15:29.759033
557,2011-01-25,1,0,1,9,0,2,1,2,0.2,0.2273,0.64,0.0896,10.0,134,144,2023-03-22 23:15:29.759033
558,2011-01-25,1,0,1,10,0,2,1,2,0.22,0.2424,0.6,0.1045,6.0,49,55,2023-03-22 23:15:29.759033
559,2011-01-25,1,0,1,11,0,2,1,2,0.24,0.2424,0.6,0.1343,6.0,55,61,2023-03-22 23:15:29.759033
560,2011-01-25,1,0,1,12,0,2,1,2,0.26,0.2879,0.56,0.0896,21.0,85,106,2023-03-22 23:15:29.759033
561,2011-01-25,1,0,1,13,0,2,1,2,0.26,0.2727,0.56,0.1343,21.0,72,93,2023-03-22 23:15:29.759033
562,2011-01-25,1,0,1,14,0,2,1,2,0.3,0.3333,0.45,0.0,11.0,57,68,2023-03-22 23:15:29.759033
563,2011-01-25,1,0,1,15,0,2,1,2,0.32,0.3485,0.42,0.0,21.0,63,84,2023-03-22 23:15:29.759033
564,2011-01-25,1,0,1,16,0,2,1,2,0.32,0.3485,0.42,0.0,14.0,102,116,2023-03-22 23:15:29.759033
565,2011-01-25,1,0,1,17,0,2,1,1,0.3,0.3333,0.45,0.0,14.0,208,222,2023-03-22 23:15:29.759033
566,2011-01-25,1,0,1,18,0,2,1,2,0.3,0.3182,0.49,0.0896,7.0,218,225,2023-03-22 23:15:29.759033
567,2011-01-25,1,0,1,19,0,2,1,2,0.26,0.2576,0.65,0.1642,13.0,133,146,2023-03-22 23:15:29.759033
568,2011-01-25,1,0,1,20,0,2,1,1,0.24,0.2273,0.65,0.194,16.0,103,119,2023-03-22 23:15:29.759033
569,2011-01-25,1,0,1,21,0,2,1,1,0.24,0.2273,0.65,0.194,5.0,40,45,2023-03-22 23:15:29.759033
570,2011-01-25,1,0,1,22,0,2,1,1,0.22,0.2273,0.64,0.1642,4.0,49,53,2023-03-22 23:15:29.759033
571,2011-01-25,1,0,1,23,0,2,1,2,0.22,0.2273,0.64,0.1642,3.0,37,40,2023-03-22 23:15:29.759033
572,2011-01-26,1,0,1,0,0,3,1,2,0.22,0.2273,0.69,0.1343,3.0,14,17,2023-03-22 23:15:29.759033
573,2011-01-26,1,0,1,1,0,3,1,2,0.24,0.2424,0.65,0.1343,0.0,5,5,2023-03-22 23:15:29.759033
574,2011-01-26,1,0,1,2,0,3,1,3,0.22,0.2273,0.69,0.194,3.0,7,10,2023-03-22 23:15:29.759033
575,2011-01-26,1,0,1,5,0,3,1,3,0.2,0.1818,0.86,0.2836,0.0,1,1,2023-03-22 23:15:29.759033
576,2011-01-26,1,0,1,6,0,3,1,3,0.2,0.1818,0.86,0.2836,0.0,8,8,2023-03-22 23:15:29.759033
577,2011-01-26,1,0,1,7,0,3,1,3,0.22,0.2121,0.87,0.2985,1.0,29,30,2023-03-22 23:15:29.759033
578,2011-01-26,1,0,1,8,0,3,1,3,0.22,0.2121,0.87,0.2985,3.0,69,72,2023-03-22 23:15:29.759033
579,2011-01-26,1,0,1,9,0,3,1,3,0.22,0.2121,0.87,0.2985,3.0,55,58,2023-03-22 23:15:29.759033
580,2011-01-26,1,0,1,10,0,3,1,3,0.22,0.2121,0.93,0.2836,2.0,26,28,2023-03-22 23:15:29.759033
581,2011-01-26,1,0,1,11,0,3,1,3,0.22,0.197,0.93,0.3284,6.0,35,41,2023-03-22 23:15:29.759033
582,2011-01-26,1,0,1,12,0,3,1,3,0.22,0.197,0.93,0.3284,7.0,41,48,2023-03-22 23:15:29.759033
583,2011-01-26,1,0,1,13,0,3,1,3,0.22,0.197,0.93,0.3284,4.0,43,47,2023-03-22 23:15:29.759033
584,2011-01-26,1,0,1,14,0,3,1,3,0.22,0.197,0.93,0.3582,0.0,36,36,2023-03-22 23:15:29.759033
585,2011-01-26,1,0,1,15,0,3,1,3,0.22,0.1818,0.93,0.4627,1.0,42,43,2023-03-22 23:15:29.759033
586,2011-01-26,1,0,1,16,0,3,1,4,0.22,0.197,0.93,0.3284,1.0,35,36,2023-03-22 23:15:29.759033
587,2011-01-26,1,0,1,17,0,3,1,3,0.2,0.1818,0.93,0.3582,0.0,26,26,2023-03-22 23:15:29.759033
588,2011-01-27,1,0,1,16,0,4,1,1,0.22,0.2273,0.55,0.194,1.0,23,24,2023-03-22 23:15:29.759033
589,2011-01-27,1,0,1,17,0,4,1,1,0.22,0.2424,0.55,0.1045,2.0,82,84,2023-03-22 23:15:29.759033
590,2011-01-27,1,0,1,18,0,4,1,1,0.2,0.2273,0.69,0.0896,3.0,101,104,2023-03-22 23:15:29.759033
591,2011-01-27,1,0,1,19,0,4,1,1,0.2,0.2273,0.69,0.0896,3.0,76,79,2023-03-22 23:15:29.759033
592,2011-01-27,1,0,1,20,0,4,1,1,0.18,0.2121,0.74,0.0896,4.0,55,59,2023-03-22 23:15:29.759033
593,2011-01-27,1,0,1,21,0,4,1,1,0.18,0.2121,0.74,0.0896,2.0,36,38,2023-03-22 23:15:29.759033
594,2011-01-27,1,0,1,22,0,4,1,1,0.18,0.2121,0.74,0.0896,0.0,27,27,2023-03-22 23:15:29.759033
595,2011-01-27,1,0,1,23,0,4,1,1,0.18,0.197,0.8,0.1642,0.0,16,16,2023-03-22 23:15:29.759033
596,2011-01-28,1,0,1,0,0,5,1,2,0.2,0.2121,0.75,0.1343,0.0,9,9,2023-03-22 23:15:29.759033
597,2011-01-28,1,0,1,1,0,5,1,2,0.2,0.2121,0.75,0.1343,1.0,2,3,2023-03-22 23:15:29.759033
598,2011-01-28,1,0,1,2,0,5,1,2,0.2,0.2121,0.75,0.1642,0.0,2,2,2023-03-22 23:15:29.759033
599,2011-01-28,1,0,1,3,0,5,1,2,0.2,0.2273,0.75,0.1045,1.0,0,1,2023-03-22 23:15:29.759033
600,2011-01-28,1,0,1,5,0,5,1,2,0.18,0.2121,0.8,0.1045,0.0,4,4,2023-03-22 23:15:29.759033
601,2011-01-28,1,0,1,6,0,5,1,2,0.18,0.197,0.8,0.1343,0.0,16,16,2023-03-22 23:15:29.759033
602,2011-01-28,1,0,1,7,0,5,1,2,0.16,0.197,0.86,0.0896,2.0,58,60,2023-03-22 23:15:29.759033
603,2011-01-28,1,0,1,8,0,5,1,2,0.16,0.197,0.86,0.0896,2.0,155,157,2023-03-22 23:15:29.759033
604,2011-01-28,1,0,1,9,0,5,1,3,0.18,0.2121,0.86,0.0896,6.0,95,101,2023-03-22 23:15:29.759033
605,2011-01-28,1,0,1,10,0,5,1,3,0.18,0.2121,0.86,0.1045,0.0,49,49,2023-03-22 23:15:29.759033
606,2011-01-28,1,0,1,11,0,5,1,3,0.18,0.2121,0.93,0.1045,0.0,30,30,2023-03-22 23:15:29.759033
607,2011-01-28,1,0,1,12,0,5,1,3,0.18,0.2121,0.93,0.1045,1.0,28,29,2023-03-22 23:15:29.759033
608,2011-01-28,1,0,1,13,0,5,1,3,0.18,0.2121,0.93,0.1045,0.0,31,31,2023-03-22 23:15:29.759033
609,2011-01-28,1,0,1,14,0,5,1,3,0.22,0.2727,0.8,0.0,2.0,36,38,2023-03-22 23:15:29.759033
610,2011-01-28,1,0,1,15,0,5,1,2,0.2,0.2576,0.86,0.0,1.0,40,41,2023-03-22 23:15:29.759033
611,2011-01-28,1,0,1,16,0,5,1,1,0.22,0.2727,0.8,0.0,10.0,70,80,2023-03-22 23:15:29.759033
612,2011-01-28,1,0,1,17,0,5,1,1,0.24,0.2424,0.75,0.1343,2.0,147,149,2023-03-22 23:15:29.759033
613,2011-01-28,1,0,1,18,0,5,1,1,0.24,0.2273,0.75,0.194,2.0,107,109,2023-03-22 23:15:29.759033
614,2011-01-28,1,0,1,19,0,5,1,2,0.24,0.2424,0.75,0.1343,5.0,84,89,2023-03-22 23:15:29.759033
615,2011-01-28,1,0,1,20,0,5,1,2,0.24,0.2273,0.7,0.194,1.0,61,62,2023-03-22 23:15:29.759033
616,2011-01-28,1,0,1,21,0,5,1,2,0.22,0.2273,0.75,0.1343,1.0,57,58,2023-03-22 23:15:29.759033
617,2011-01-28,1,0,1,22,0,5,1,1,0.24,0.2121,0.65,0.3582,0.0,26,26,2023-03-22 23:15:29.759033
618,2011-01-28,1,0,1,23,0,5,1,1,0.24,0.2273,0.6,0.2239,1.0,22,23,2023-03-22 23:15:29.759033
619,2011-01-29,1,0,1,0,0,6,0,1,0.22,0.197,0.64,0.3582,2.0,26,28,2023-03-22 23:15:29.759033
620,2011-01-29,1,0,1,1,0,6,0,1,0.22,0.2273,0.64,0.194,0.0,20,20,2023-03-22 23:15:29.759033
621,2011-01-29,1,0,1,2,0,6,0,1,0.22,0.2273,0.64,0.1642,0.0,15,15,2023-03-22 23:15:29.759033
622,2011-01-29,1,0,1,3,0,6,0,1,0.2,0.2121,0.64,0.1343,3.0,5,8,2023-03-22 23:15:29.759033
623,2011-01-29,1,0,1,4,0,6,0,1,0.16,0.1818,0.69,0.1045,1.0,2,3,2023-03-22 23:15:29.759033
624,2011-01-29,1,0,1,6,0,6,0,1,0.16,0.1818,0.64,0.1343,0.0,2,2,2023-03-22 23:15:29.759033
625,2011-01-29,1,0,1,7,0,6,0,1,0.16,0.1818,0.59,0.1045,1.0,4,5,2023-03-22 23:15:29.759033
626,2011-01-29,1,0,1,8,0,6,0,1,0.18,0.197,0.55,0.1642,3.0,31,34,2023-03-22 23:15:29.759033
627,2011-01-29,1,0,1,9,0,6,0,1,0.18,0.2121,0.59,0.0896,0.0,34,34,2023-03-22 23:15:29.759033
628,2011-01-29,1,0,1,10,0,6,0,2,0.18,0.2121,0.64,0.1045,4.0,51,55,2023-03-22 23:15:29.759033
629,2011-01-29,1,0,1,11,0,6,0,2,0.18,0.197,0.64,0.1343,4.0,60,64,2023-03-22 23:15:29.759033
630,2011-01-29,1,0,1,12,0,6,0,2,0.2,0.197,0.59,0.194,12.0,66,78,2023-03-22 23:15:29.759033
631,2011-01-29,1,0,1,13,0,6,0,2,0.22,0.2273,0.55,0.1642,9.0,56,65,2023-03-22 23:15:29.759033
632,2011-01-29,1,0,1,14,0,6,0,2,0.22,0.2273,0.6,0.1343,10.0,89,99,2023-03-22 23:15:29.759033
633,2011-01-29,1,0,1,15,0,6,0,1,0.22,0.2121,0.69,0.2537,22.0,98,120,2023-03-22 23:15:29.759033
634,2011-01-29,1,0,1,16,0,6,0,1,0.24,0.2424,0.6,0.1642,19.0,88,107,2023-03-22 23:15:29.759033
635,2011-01-29,1,0,1,17,0,6,0,1,0.24,0.2879,0.6,0.0,9.0,82,91,2023-03-22 23:15:29.759033
636,2011-01-29,1,0,1,18,0,6,0,1,0.22,0.2273,0.69,0.1343,9.0,59,68,2023-03-22 23:15:29.759033
637,2011-01-29,1,0,1,19,0,6,0,2,0.22,0.2121,0.69,0.2537,6.0,52,58,2023-03-22 23:15:29.759033
638,2011-01-29,1,0,1,20,0,6,0,1,0.18,0.2121,0.74,0.0896,1.0,42,43,2023-03-22 23:15:29.759033
639,2011-01-29,1,0,1,21,0,6,0,1,0.18,0.2121,0.74,0.0896,1.0,35,36,2023-03-22 23:15:29.759033
640,2011-01-29,1,0,1,22,0,6,0,1,0.16,0.197,0.8,0.0896,4.0,28,32,2023-03-22 23:15:29.759033
641,2011-01-29,1,0,1,23,0,6,0,1,0.16,0.197,0.8,0.0896,3.0,30,33,2023-03-22 23:15:29.759033
642,2011-01-30,1,0,1,0,0,0,0,1,0.16,0.1818,0.8,0.1045,0.0,33,33,2023-03-22 23:15:29.759033
643,2011-01-30,1,0,1,1,0,0,0,1,0.14,0.2121,0.8,0.0,7.0,22,29,2023-03-22 23:15:29.759033
644,2011-01-30,1,0,1,2,0,0,0,1,0.16,0.2273,0.8,0.0,1.0,10,11,2023-03-22 23:15:29.759033
645,2011-01-30,1,0,1,3,0,0,0,1,0.14,0.2121,0.93,0.0,1.0,7,8,2023-03-22 23:15:29.759033
646,2011-01-30,1,0,1,4,0,0,0,1,0.14,0.2121,0.93,0.0,0.0,1,1,2023-03-22 23:15:29.759033
647,2011-01-30,1,0,1,5,0,0,0,1,0.14,0.2121,0.86,0.0,0.0,3,3,2023-03-22 23:15:29.759033
648,2011-01-30,1,0,1,7,0,0,0,1,0.14,0.2121,0.86,0.0,0.0,3,3,2023-03-22 23:15:29.759033
649,2011-01-30,1,0,1,8,0,0,0,2,0.14,0.2121,0.86,0.0,1.0,11,12,2023-03-22 23:15:29.759033
650,2011-01-30,1,0,1,9,0,0,0,2,0.16,0.2273,0.8,0.0,4.0,34,38,2023-03-22 23:15:29.759033
651,2011-01-30,1,0,1,10,0,0,0,2,0.18,0.2424,0.8,0.0,7.0,57,64,2023-03-22 23:15:29.759033
652,2011-01-30,1,0,1,11,0,0,0,1,0.22,0.2727,0.75,0.0,9.0,50,59,2023-03-22 23:15:29.759033
653,2011-01-30,1,0,1,12,0,0,0,1,0.3,0.3182,0.52,0.1045,10.0,87,97,2023-03-22 23:15:29.759033
654,2011-01-30,1,0,1,13,0,0,0,1,0.28,0.2879,0.61,0.1045,13.0,71,84,2023-03-22 23:15:29.759033
655,2011-01-30,1,0,1,14,0,0,0,1,0.28,0.303,0.61,0.0896,18.0,104,122,2023-03-22 23:15:29.759033
656,2011-01-30,1,0,1,15,0,0,0,1,0.3,0.3333,0.56,0.0,14.0,95,109,2023-03-22 23:15:29.759033
657,2011-01-30,1,0,1,16,0,0,0,1,0.3,0.3333,0.56,0.0,19.0,104,123,2023-03-22 23:15:29.759033
658,2011-01-30,1,0,1,17,0,0,0,1,0.3,0.2879,0.56,0.194,6.0,71,77,2023-03-22 23:15:29.759033
659,2011-01-30,1,0,1,18,0,0,0,1,0.26,0.2576,0.65,0.1642,8.0,57,65,2023-03-22 23:15:29.759033
660,2011-01-30,1,0,1,19,0,0,0,1,0.26,0.2576,0.65,0.194,9.0,46,55,2023-03-22 23:15:29.759033
661,2011-01-30,1,0,1,20,0,0,0,2,0.26,0.2727,0.65,0.1045,3.0,30,33,2023-03-22 23:15:29.759033
662,2011-01-30,1,0,1,21,0,0,0,2,0.24,0.2424,0.7,0.1642,3.0,25,28,2023-03-22 23:15:29.759033
663,2011-01-30,1,0,1,22,0,0,0,2,0.24,0.2273,0.7,0.194,2.0,19,21,2023-03-22 23:15:29.759033
664,2011-01-30,1,0,1,23,0,0,0,2,0.24,0.2121,0.65,0.2836,5.0,16,21,2023-03-22 23:15:29.759033
665,2011-01-31,1,0,1,0,0,1,1,2,0.24,0.2273,0.65,0.2239,1.0,6,7,2023-03-22 23:15:29.759033
666,2011-01-31,1,0,1,1,0,1,1,1,0.22,0.2121,0.64,0.2537,2.0,5,7,2023-03-22 23:15:29.759033
667,2011-01-31,1,0,1,2,0,1,1,1,0.22,0.2273,0.64,0.194,0.0,1,1,2023-03-22 23:15:29.759033
668,2011-01-31,1,0,1,3,0,1,1,1,0.22,0.2273,0.64,0.194,0.0,2,2,2023-03-22 23:15:29.759033
669,2011-01-31,1,0,1,4,0,1,1,1,0.2,0.197,0.59,0.2239,0.0,2,2,2023-03-22 23:15:29.759033
670,2011-01-31,1,0,1,5,0,1,1,1,0.18,0.1667,0.64,0.2836,0.0,8,8,2023-03-22 23:15:29.759033
671,2011-01-31,1,0,1,6,0,1,1,1,0.16,0.1364,0.69,0.3284,0.0,37,37,2023-03-22 23:15:29.759033
672,2011-01-31,1,0,1,7,0,1,1,2,0.16,0.1364,0.64,0.2836,1.0,71,72,2023-03-22 23:15:29.759033
673,2011-01-31,1,0,1,8,0,1,1,2,0.16,0.1364,0.59,0.2836,3.0,182,185,2023-03-22 23:15:29.759033
674,2011-01-31,1,0,1,9,0,1,1,2,0.16,0.1364,0.59,0.2985,0.0,112,112,2023-03-22 23:15:29.759033
675,2011-01-31,1,0,1,10,0,1,1,2,0.16,0.1515,0.59,0.194,1.0,68,69,2023-03-22 23:15:29.759033
676,2011-01-31,1,0,1,11,0,1,1,2,0.16,0.1515,0.59,0.194,2.0,46,48,2023-03-22 23:15:29.759033
677,2011-01-31,1,0,1,12,0,1,1,2,0.18,0.2121,0.55,0.1045,6.0,62,68,2023-03-22 23:15:29.759033
678,2011-01-31,1,0,1,13,0,1,1,2,0.16,0.2273,0.59,0.0,2.0,52,54,2023-03-22 23:15:29.759033
679,2011-01-31,1,0,1,14,0,1,1,2,0.18,0.197,0.55,0.1343,1.0,85,86,2023-03-22 23:15:29.759033
680,2011-01-31,1,0,1,15,0,1,1,2,0.16,0.1818,0.59,0.1343,3.0,41,44,2023-03-22 23:15:29.759033
681,2011-01-31,1,0,1,16,0,1,1,2,0.16,0.1818,0.56,0.194,3.0,83,86,2023-03-22 23:15:29.759033
682,2011-01-31,1,0,1,17,0,1,1,2,0.16,0.1515,0.59,0.194,6.0,155,161,2023-03-22 23:15:29.759033
683,2011-01-31,1,0,1,18,0,1,1,2,0.16,0.1515,0.55,0.2239,3.0,153,156,2023-03-22 23:15:29.759033
684,2011-01-31,1,0,1,19,0,1,1,1,0.3,0.3182,0.61,0.1045,3.0,108,111,2023-03-22 23:15:29.759033
685,2011-01-31,1,0,1,20,0,1,1,3,0.16,0.1667,0.59,0.1642,0.0,78,78,2023-03-22 23:15:29.759033
686,2011-01-31,1,0,1,21,0,1,1,3,0.16,0.197,0.59,0.0896,3.0,53,56,2023-03-22 23:15:29.759033
687,2011-01-31,1,0,1,22,0,1,1,2,0.16,0.1818,0.59,0.1045,0.0,34,34,2023-03-22 23:15:29.759033
688,2011-01-31,1,0,1,23,0,1,1,2,0.16,0.197,0.64,0.0896,2.0,15,17,2023-03-22 23:15:29.759033
689,2011-02-01,1,0,2,0,0,2,1,2,0.16,0.1818,0.64,0.1045,2.0,6,8,2023-03-22 23:15:29.759033
690,2011-02-01,1,0,2,1,0,2,1,2,0.16,0.1818,0.69,0.1045,0.0,3,3,2023-03-22 23:15:29.759033
691,2011-02-01,1,0,2,2,0,2,1,2,0.16,0.2273,0.69,0.0,0.0,2,2,2023-03-22 23:15:29.759033
692,2011-02-01,1,0,2,3,0,2,1,2,0.16,0.2273,0.69,0.0,0.0,2,2,2023-03-22 23:15:29.759033
693,2011-02-01,1,0,2,5,0,2,1,3,0.14,0.2121,0.93,0.0,0.0,3,3,2023-03-22 23:15:29.759033
694,2011-02-01,1,0,2,6,0,2,1,3,0.14,0.2121,0.93,0.0,0.0,22,22,2023-03-22 23:15:29.759033
695,2011-02-01,1,0,2,7,0,2,1,3,0.16,0.2273,0.93,0.0,0.0,52,52,2023-03-22 23:15:29.759033
696,2011-02-01,1,0,2,8,0,2,1,3,0.16,0.2273,0.93,0.0,3.0,132,135,2023-03-22 23:15:29.759033
697,2011-02-01,1,0,2,9,0,2,1,2,0.16,0.2273,0.93,0.0,2.0,114,116,2023-03-22 23:15:29.759033
698,2011-02-01,1,0,2,10,0,2,1,2,0.16,0.2273,0.93,0.0,0.0,47,47,2023-03-22 23:15:29.759033
699,2011-02-01,1,0,2,11,0,2,1,2,0.18,0.2424,0.86,0.0,2.0,49,51,2023-03-22 23:15:29.759033
700,2011-02-01,1,0,2,12,0,2,1,2,0.2,0.2576,0.86,0.0,2.0,53,55,2023-03-22 23:15:29.759033
701,2011-02-01,1,0,2,13,0,2,1,2,0.2,0.2576,0.86,0.0,3.0,49,52,2023-03-22 23:15:29.759033
702,2011-02-01,1,0,2,14,0,2,1,2,0.22,0.2576,0.8,0.0896,5.0,49,54,2023-03-22 23:15:29.759033
703,2011-02-01,1,0,2,15,0,2,1,2,0.24,0.2879,0.75,0.0,7.0,45,52,2023-03-22 23:15:29.759033
704,2011-02-01,1,0,2,16,0,2,1,2,0.24,0.2424,0.75,0.1343,3.0,61,64,2023-03-22 23:15:29.759033
705,2011-02-01,1,0,2,17,0,2,1,2,0.24,0.2879,0.75,0.0,4.0,172,176,2023-03-22 23:15:29.759033
706,2011-02-01,1,0,2,18,0,2,1,2,0.24,0.2576,0.81,0.1045,3.0,165,168,2023-03-22 23:15:29.759033
707,2011-02-01,1,0,2,19,0,2,1,2,0.24,0.2424,0.81,0.1343,3.0,105,108,2023-03-22 23:15:29.759033
708,2011-02-01,1,0,2,20,0,2,1,2,0.22,0.2273,0.87,0.1343,5.0,69,74,2023-03-22 23:15:29.759033
709,2011-02-01,1,0,2,21,0,2,1,2,0.22,0.2273,0.87,0.1343,0.0,64,64,2023-03-22 23:15:29.759033
710,2011-02-01,1,0,2,22,0,2,1,2,0.22,0.2576,0.87,0.0896,2.0,34,36,2023-03-22 23:15:29.759033
711,2011-02-01,1,0,2,23,0,2,1,3,0.2,0.197,0.93,0.194,1.0,15,16,2023-03-22 23:15:29.759033
712,2011-02-02,1,0,2,0,0,3,1,3,0.22,0.2424,0.93,0.1045,0.0,2,2,2023-03-22 23:15:29.759033
713,2011-02-02,1,0,2,1,0,3,1,3,0.22,0.2273,0.93,0.194,0.0,3,3,2023-03-22 23:15:29.759033
714,2011-02-02,1,0,2,2,0,3,1,3,0.22,0.2273,0.93,0.1343,4.0,0,4,2023-03-22 23:15:29.759033
715,2011-02-02,1,0,2,3,0,3,1,3,0.22,0.2273,0.93,0.1343,0.0,1,1,2023-03-22 23:15:29.759033
716,2011-02-02,1,0,2,4,0,3,1,3,0.22,0.2121,0.93,0.2836,0.0,1,1,2023-03-22 23:15:29.759033
717,2011-02-02,1,0,2,5,0,3,1,3,0.22,0.2424,0.93,0.1045,0.0,3,3,2023-03-22 23:15:29.759033
718,2011-02-02,1,0,2,6,0,3,1,3,0.22,0.2424,0.93,0.1045,1.0,17,18,2023-03-22 23:15:29.759033
719,2011-02-02,1,0,2,7,0,3,1,3,0.22,0.2121,0.93,0.2239,1.0,48,49,2023-03-22 23:15:29.759033
720,2011-02-02,1,0,2,8,0,3,1,3,0.22,0.2121,0.93,0.2239,1.0,154,155,2023-03-22 23:15:29.759033
721,2011-02-02,1,0,2,9,0,3,1,2,0.24,0.2576,0.93,0.0896,4.0,119,123,2023-03-22 23:15:29.759033
722,2011-02-02,1,0,2,10,0,3,1,2,0.22,0.2727,1.0,0.0,2.0,59,61,2023-03-22 23:15:29.759033
723,2011-02-02,1,0,2,11,0,3,1,2,0.24,0.2273,0.93,0.194,5.0,47,52,2023-03-22 23:15:29.759033
724,2011-02-02,1,0,2,12,0,3,1,2,0.24,0.2273,0.93,0.2239,3.0,61,64,2023-03-22 23:15:29.759033
725,2011-02-02,1,0,2,13,0,3,1,1,0.34,0.3333,0.93,0.1642,1.0,74,75,2023-03-22 23:15:29.759033
726,2011-02-02,1,0,2,14,0,3,1,1,0.38,0.3939,0.82,0.3881,2.0,61,63,2023-03-22 23:15:29.759033
727,2011-02-02,1,0,2,15,0,3,1,1,0.38,0.3939,0.76,0.3284,10.0,66,76,2023-03-22 23:15:29.759033
728,2011-02-02,1,0,2,16,0,3,1,1,0.36,0.3333,0.71,0.2985,8.0,95,103,2023-03-22 23:15:29.759033
729,2011-02-02,1,0,2,17,0,3,1,1,0.36,0.3182,0.53,0.5224,7.0,183,190,2023-03-22 23:15:29.759033
730,2011-02-02,1,0,2,18,0,3,1,1,0.34,0.2879,0.42,0.5522,7.0,175,182,2023-03-22 23:15:29.759033
731,2011-02-02,1,0,2,19,0,3,1,1,0.28,0.2424,0.45,0.4925,3.0,88,91,2023-03-22 23:15:29.759033
732,2011-02-02,1,0,2,20,0,3,1,1,0.24,0.197,0.48,0.5522,4.0,71,75,2023-03-22 23:15:29.759033
733,2011-02-02,1,0,2,21,0,3,1,1,0.22,0.197,0.47,0.3284,1.0,62,63,2023-03-22 23:15:29.759033
734,2011-02-02,1,0,2,22,0,3,1,1,0.22,0.2121,0.44,0.2537,5.0,35,40,2023-03-22 23:15:29.759033
735,2011-02-02,1,0,2,23,0,3,1,1,0.2,0.1667,0.44,0.4478,3.0,29,32,2023-03-22 23:15:29.759033
736,2011-02-03,1,0,2,0,0,4,1,1,0.2,0.1667,0.4,0.4478,1.0,11,12,2023-03-22 23:15:29.759033
737,2011-02-03,1,0,2,1,0,4,1,1,0.2,0.1515,0.44,0.5224,0.0,5,5,2023-03-22 23:15:29.759033
738,2011-02-03,1,0,2,2,0,4,1,1,0.18,0.1667,0.43,0.2537,0.0,2,2,2023-03-22 23:15:29.759033
739,2011-02-03,1,0,2,3,0,4,1,1,0.18,0.1667,0.43,0.2537,0.0,1,1,2023-03-22 23:15:29.759033
740,2011-02-03,1,0,2,5,0,4,1,1,0.16,0.1364,0.5,0.2985,0.0,2,2,2023-03-22 23:15:29.759033
741,2011-02-03,1,0,2,6,0,4,1,1,0.16,0.1364,0.43,0.3582,0.0,39,39,2023-03-22 23:15:29.759033
742,2011-02-03,1,0,2,7,0,4,1,1,0.14,0.1212,0.5,0.3284,1.0,86,87,2023-03-22 23:15:29.759033
743,2011-02-03,1,0,2,8,0,4,1,1,0.14,0.1212,0.5,0.3582,4.0,184,188,2023-03-22 23:15:29.759033
744,2011-02-03,1,0,2,9,0,4,1,1,0.16,0.1364,0.47,0.2985,6.0,127,133,2023-03-22 23:15:29.759033
745,2011-02-03,1,0,2,10,0,4,1,1,0.18,0.1515,0.43,0.3284,2.0,50,52,2023-03-22 23:15:29.759033
746,2011-02-03,1,0,2,11,0,4,1,1,0.18,0.1364,0.43,0.4478,9.0,55,64,2023-03-22 23:15:29.759033
747,2011-02-03,1,0,2,12,0,4,1,1,0.2,0.1818,0.4,0.3582,2.0,67,69,2023-03-22 23:15:29.759033
748,2011-02-03,1,0,2,13,0,4,1,1,0.2,0.1667,0.4,0.4179,4.0,47,51,2023-03-22 23:15:29.759033
749,2011-02-03,1,0,2,14,0,4,1,1,0.22,0.197,0.37,0.3881,4.0,43,47,2023-03-22 23:15:29.759033
750,2011-02-03,1,0,2,15,0,4,1,1,0.22,0.197,0.37,0.3284,4.0,56,60,2023-03-22 23:15:29.759033
751,2011-02-03,1,0,2,16,0,4,1,1,0.22,0.2121,0.37,0.2537,5.0,73,78,2023-03-22 23:15:29.759033
752,2011-02-03,1,0,2,17,0,4,1,1,0.2,0.197,0.4,0.194,5.0,170,175,2023-03-22 23:15:29.759033
753,2011-02-03,1,0,2,18,0,4,1,1,0.2,0.2121,0.4,0.1642,2.0,145,147,2023-03-22 23:15:29.759033
754,2011-02-03,1,0,2,19,0,4,1,1,0.2,0.2576,0.4,0.0,4.0,92,96,2023-03-22 23:15:29.759033
755,2011-02-03,1,0,2,20,0,4,1,1,0.2,0.2273,0.47,0.0896,1.0,108,109,2023-03-22 23:15:29.759033
756,2011-02-03,1,0,2,21,0,4,1,1,0.18,0.2121,0.55,0.1045,1.0,53,54,2023-03-22 23:15:29.759033
757,2011-02-03,1,0,2,22,0,4,1,1,0.18,0.2121,0.51,0.0896,2.0,39,41,2023-03-22 23:15:29.759033
758,2011-02-03,1,0,2,23,0,4,1,1,0.2,0.2273,0.47,0.1045,4.0,34,38,2023-03-22 23:15:29.759033
759,2011-02-04,1,0,2,0,0,5,1,2,0.2,0.2576,0.44,0.0,3.0,10,13,2023-03-22 23:15:29.759033
760,2011-02-04,1,0,2,1,0,5,1,2,0.16,0.2273,0.59,0.0,0.0,7,7,2023-03-22 23:15:29.759033
761,2011-02-04,1,0,2,2,0,5,1,2,0.14,0.1667,0.63,0.1045,0.0,1,1,2023-03-22 23:15:29.759033
762,2011-02-04,1,0,2,3,0,5,1,2,0.14,0.1667,0.63,0.1045,0.0,1,1,2023-03-22 23:15:29.759033
763,2011-02-04,1,0,2,5,0,5,1,2,0.14,0.1515,0.63,0.1343,0.0,7,7,2023-03-22 23:15:29.759033
764,2011-02-04,1,0,2,6,0,5,1,2,0.16,0.2273,0.55,0.0,2.0,26,28,2023-03-22 23:15:29.759033
765,2011-02-04,1,0,2,7,0,5,1,1,0.14,0.2121,0.59,0.0,0.0,87,87,2023-03-22 23:15:29.759033
766,2011-02-04,1,0,2,8,0,5,1,1,0.14,0.1515,0.74,0.1343,3.0,217,220,2023-03-22 23:15:29.759033
767,2011-02-04,1,0,2,9,0,5,1,2,0.16,0.1818,0.8,0.1343,3.0,124,127,2023-03-22 23:15:29.759033
768,2011-02-04,1,0,2,10,0,5,1,2,0.2,0.2121,0.51,0.1343,5.0,46,51,2023-03-22 23:15:29.759033
769,2011-02-04,1,0,2,11,0,5,1,1,0.22,0.2273,0.51,0.1642,3.0,61,64,2023-03-22 23:15:29.759033
770,2011-02-04,1,0,2,12,0,5,1,2,0.24,0.2424,0.48,0.1642,8.0,78,86,2023-03-22 23:15:29.759033
771,2011-02-04,1,0,2,13,0,5,1,2,0.26,0.2576,0.5,0.2239,9.0,73,82,2023-03-22 23:15:29.759033
772,2011-02-04,1,0,2,14,0,5,1,2,0.28,0.2727,0.45,0.1642,15.0,76,91,2023-03-22 23:15:29.759033
773,2011-02-04,1,0,2,15,0,5,1,2,0.28,0.2727,0.48,0.2537,9.0,81,90,2023-03-22 23:15:29.759033
774,2011-02-04,1,0,2,16,0,5,1,2,0.3,0.2879,0.42,0.2239,8.0,91,99,2023-03-22 23:15:29.759033
775,2011-02-04,1,0,2,17,0,5,1,2,0.26,0.2727,0.56,0.1343,10.0,195,205,2023-03-22 23:15:29.759033
776,2011-02-04,1,0,2,18,0,5,1,2,0.24,0.2576,0.6,0.1045,3.0,152,155,2023-03-22 23:15:29.759033
777,2011-02-04,1,0,2,19,0,5,1,2,0.24,0.2424,0.65,0.1343,1.0,102,103,2023-03-22 23:15:29.759033
778,2011-02-04,1,0,2,20,0,5,1,2,0.24,0.2424,0.65,0.1642,2.0,69,71,2023-03-22 23:15:29.759033
779,2011-02-04,1,0,2,21,0,5,1,2,0.24,0.2424,0.7,0.1642,2.0,41,43,2023-03-22 23:15:29.759033
780,2011-02-04,1,0,2,22,0,5,1,2,0.24,0.2424,0.65,0.1642,1.0,45,46,2023-03-22 23:15:29.759033
781,2011-02-04,1,0,2,23,0,5,1,2,0.24,0.2424,0.7,0.1343,1.0,30,31,2023-03-22 23:15:29.759033
782,2011-02-05,1,0,2,0,0,6,0,2,0.24,0.2424,0.7,0.1642,3.0,36,39,2023-03-22 23:15:29.759033
783,2011-02-05,1,0,2,1,0,6,0,2,0.24,0.2424,0.65,0.1642,1.0,17,18,2023-03-22 23:15:29.759033
784,2011-02-05,1,0,2,2,0,6,0,2,0.24,0.2424,0.75,0.1642,5.0,12,17,2023-03-22 23:15:29.759033
785,2011-02-05,1,0,2,3,0,6,0,2,0.24,0.2424,0.75,0.1642,1.0,10,11,2023-03-22 23:15:29.759033
786,2011-02-05,1,0,2,4,0,6,0,3,0.22,0.2273,0.93,0.1343,0.0,8,8,2023-03-22 23:15:29.759033
787,2011-02-05,1,0,2,5,0,6,0,3,0.2,0.2273,1.0,0.0896,0.0,9,9,2023-03-22 23:15:29.759033
788,2011-02-05,1,0,2,6,0,6,0,3,0.2,0.2576,1.0,0.0,0.0,4,4,2023-03-22 23:15:29.759033
789,2011-02-05,1,0,2,7,0,6,0,3,0.22,0.2576,0.93,0.0896,0.0,4,4,2023-03-22 23:15:29.759033
790,2011-02-05,1,0,2,8,0,6,0,3,0.2,0.2273,1.0,0.0896,0.0,10,10,2023-03-22 23:15:29.759033
791,2011-02-05,1,0,2,9,0,6,0,3,0.2,0.2273,1.0,0.0896,3.0,17,20,2023-03-22 23:15:29.759033
792,2011-02-05,1,0,2,10,0,6,0,3,0.2,0.2121,1.0,0.1343,3.0,31,34,2023-03-22 23:15:29.759033
793,2011-02-05,1,0,2,11,0,6,0,3,0.22,0.2273,1.0,0.1343,1.0,46,47,2023-03-22 23:15:29.759033
794,2011-02-05,1,0,2,12,0,6,0,3,0.22,0.2273,1.0,0.1642,10.0,42,52,2023-03-22 23:15:29.759033
795,2011-02-05,1,0,2,13,0,6,0,3,0.22,0.2273,1.0,0.1642,10.0,62,72,2023-03-22 23:15:29.759033
796,2011-02-05,1,0,2,14,0,6,0,3,0.22,0.2727,1.0,0.0,5.0,50,55,2023-03-22 23:15:29.759033
797,2011-02-05,1,0,2,15,0,6,0,3,0.22,0.2727,1.0,0.0,11.0,49,60,2023-03-22 23:15:29.759033
798,2011-02-05,1,0,2,16,0,6,0,3,0.22,0.2273,1.0,0.1343,8.0,63,71,2023-03-22 23:15:29.759033
799,2011-02-05,1,0,2,17,0,6,0,2,0.24,0.2121,1.0,0.2836,14.0,64,78,2023-03-22 23:15:29.759033
800,2011-02-05,1,0,2,18,0,6,0,2,0.28,0.2424,0.93,0.4478,2.0,81,83,2023-03-22 23:15:29.759033
801,2011-02-05,1,0,2,19,0,6,0,2,0.28,0.2424,0.93,0.4478,6.0,78,84,2023-03-22 23:15:29.759033
802,2011-02-05,1,0,2,20,0,6,0,1,0.3,0.2879,0.87,0.2537,5.0,64,69,2023-03-22 23:15:29.759033
803,2011-02-05,1,0,2,21,0,6,0,1,0.26,0.2576,1.0,0.194,3.0,53,56,2023-03-22 23:15:29.759033
804,2011-02-05,1,0,2,22,0,6,0,1,0.26,0.2727,0.93,0.1343,2.0,43,45,2023-03-22 23:15:29.759033
805,2011-02-05,1,0,2,23,0,6,0,1,0.26,0.2576,0.93,0.2239,7.0,52,59,2023-03-22 23:15:29.759033
806,2011-02-06,1,0,2,0,0,0,0,1,0.26,0.2576,0.7,0.194,2.0,37,39,2023-03-22 23:15:29.759033
807,2011-02-06,1,0,2,1,0,0,0,1,0.26,0.2273,0.65,0.4179,4.0,40,44,2023-03-22 23:15:29.759033
808,2011-02-06,1,0,2,2,0,0,0,1,0.26,0.2273,0.6,0.3284,0.0,20,20,2023-03-22 23:15:29.759033
809,2011-02-06,1,0,2,3,0,0,0,1,0.26,0.2879,0.6,0.0896,3.0,10,13,2023-03-22 23:15:29.759033
810,2011-02-06,1,0,2,4,0,0,0,1,0.26,0.2273,0.6,0.3582,0.0,2,2,2023-03-22 23:15:29.759033
811,2011-02-06,1,0,2,5,0,0,0,1,0.26,0.2576,0.6,0.2239,0.0,1,1,2023-03-22 23:15:29.759033
812,2011-02-06,1,0,2,6,0,0,0,1,0.26,0.2576,0.6,0.2239,0.0,1,1,2023-03-22 23:15:29.759033
813,2011-02-06,1,0,2,7,0,0,0,1,0.24,0.2424,0.65,0.1642,0.0,8,8,2023-03-22 23:15:29.759033
814,2011-02-06,1,0,2,8,0,0,0,1,0.24,0.2576,0.65,0.1045,2.0,21,23,2023-03-22 23:15:29.759033
815,2011-02-06,1,0,2,9,0,0,0,1,0.28,0.2879,0.56,0.1045,7.0,38,45,2023-03-22 23:15:29.759033
816,2011-02-06,1,0,2,10,0,0,0,1,0.3,0.2879,0.52,0.2537,15.0,74,89,2023-03-22 23:15:29.759033
817,2011-02-06,1,0,2,11,0,0,0,1,0.32,0.303,0.49,0.2537,28.0,89,117,2023-03-22 23:15:29.759033
818,2011-02-06,1,0,2,12,0,0,0,1,0.34,0.3333,0.46,0.0,48.0,126,174,2023-03-22 23:15:29.759033
819,2011-02-06,1,0,2,13,0,0,0,1,0.34,0.3636,0.46,0.0,47.0,135,182,2023-03-22 23:15:29.759033
820,2011-02-06,1,0,2,14,0,0,0,1,0.34,0.3485,0.46,0.0896,47.0,114,161,2023-03-22 23:15:29.759033
821,2011-02-06,1,0,2,15,0,0,0,1,0.34,0.3485,0.46,0.0896,52.0,130,182,2023-03-22 23:15:29.759033
822,2011-02-06,1,0,2,16,0,0,0,1,0.34,0.3485,0.49,0.1045,42.0,115,157,2023-03-22 23:15:29.759033
823,2011-02-06,1,0,2,17,0,0,0,1,0.34,0.3636,0.46,0.0,24.0,97,121,2023-03-22 23:15:29.759033
824,2011-02-06,1,0,2,18,0,0,0,1,0.3,0.303,0.56,0.1642,13.0,65,78,2023-03-22 23:15:29.759033
825,2011-02-06,1,0,2,19,0,0,0,1,0.28,0.2879,0.61,0.1343,1.0,20,21,2023-03-22 23:15:29.759033
826,2011-02-06,1,0,2,20,0,0,0,1,0.28,0.2879,0.61,0.1045,5.0,21,26,2023-03-22 23:15:29.759033
827,2011-02-06,1,0,2,21,0,0,0,1,0.26,0.303,0.6,0.0,5.0,22,27,2023-03-22 23:15:29.759033
828,2011-02-06,1,0,2,22,0,0,0,1,0.26,0.303,0.6,0.0,5.0,57,62,2023-03-22 23:15:29.759033
829,2011-02-06,1,0,2,23,0,0,0,1,0.24,0.2879,0.65,0.0,4.0,26,30,2023-03-22 23:15:29.759033
830,2011-02-07,1,0,2,0,0,1,1,1,0.24,0.2879,0.65,0.0,1.0,14,15,2023-03-22 23:15:29.759033
831,2011-02-07,1,0,2,1,0,1,1,1,0.22,0.2727,0.75,0.0,1.0,4,5,2023-03-22 23:15:29.759033
832,2011-02-07,1,0,2,2,0,1,1,1,0.2,0.2576,0.8,0.0,0.0,3,3,2023-03-22 23:15:29.759033
833,2011-02-07,1,0,2,3,0,1,1,1,0.2,0.2576,0.86,0.0,0.0,1,1,2023-03-22 23:15:29.759033
834,2011-02-07,1,0,2,4,0,1,1,1,0.2,0.2576,0.86,0.0,1.0,1,2,2023-03-22 23:15:29.759033
835,2011-02-07,1,0,2,5,0,1,1,1,0.2,0.2576,0.86,0.0,1.0,9,10,2023-03-22 23:15:29.759033
836,2011-02-07,1,0,2,6,0,1,1,1,0.18,0.2424,0.93,0.0,1.0,29,30,2023-03-22 23:15:29.759033
837,2011-02-07,1,0,2,7,0,1,1,1,0.18,0.2424,0.86,0.0,6.0,89,95,2023-03-22 23:15:29.759033
838,2011-02-07,1,0,2,8,0,1,1,2,0.16,0.2273,1.0,0.0,7.0,223,230,2023-03-22 23:15:29.759033
839,2011-02-07,1,0,2,9,0,1,1,1,0.22,0.2727,0.8,0.0,3.0,115,118,2023-03-22 23:15:29.759033
840,2011-02-07,1,0,2,10,0,1,1,1,0.24,0.2576,0.75,0.1045,6.0,49,55,2023-03-22 23:15:29.759033
841,2011-02-07,1,0,2,11,0,1,1,1,0.3,0.3182,0.65,0.0896,11.0,36,47,2023-03-22 23:15:29.759033
842,2011-02-07,1,0,2,12,0,1,1,2,0.32,0.3485,0.62,0.0,7.0,59,66,2023-03-22 23:15:29.759033
843,2011-02-07,1,0,2,13,0,1,1,2,0.36,0.3636,0.57,0.0896,10.0,54,64,2023-03-22 23:15:29.759033
844,2011-02-07,1,0,2,14,0,1,1,2,0.36,0.3636,0.57,0.0896,8.0,52,60,2023-03-22 23:15:29.759033
845,2011-02-07,1,0,2,15,0,1,1,2,0.38,0.3939,0.54,0.0896,4.0,46,50,2023-03-22 23:15:29.759033
846,2011-02-07,1,0,2,16,0,1,1,2,0.36,0.3485,0.57,0.1343,16.0,98,114,2023-03-22 23:15:29.759033
847,2011-02-07,1,0,2,17,0,1,1,2,0.32,0.3182,0.7,0.1642,9.0,207,216,2023-03-22 23:15:29.759033
848,2011-02-07,1,0,2,18,0,1,1,2,0.34,0.3333,0.66,0.1343,5.0,170,175,2023-03-22 23:15:29.759033
849,2011-02-07,1,0,2,19,0,1,1,2,0.32,0.3485,0.7,0.0,5.0,123,128,2023-03-22 23:15:29.759033
850,2011-02-07,1,0,2,20,0,1,1,2,0.32,0.3333,0.7,0.1045,6.0,82,88,2023-03-22 23:15:29.759033
851,2011-02-07,1,0,2,21,0,1,1,1,0.32,0.3485,0.7,0.0,3.0,75,78,2023-03-22 23:15:29.759033
852,2011-02-07,1,0,2,22,0,1,1,1,0.28,0.303,0.81,0.0896,3.0,34,37,2023-03-22 23:15:29.759033
853,2011-02-07,1,0,2,23,0,1,1,2,0.3,0.3333,0.81,0.0,6.0,19,25,2023-03-22 23:15:29.759033
854,2011-02-08,1,0,2,0,0,2,1,2,0.28,0.3182,0.87,0.0,4.0,6,10,2023-03-22 23:15:29.759033
855,2011-02-08,1,0,2,1,0,2,1,2,0.28,0.3182,0.87,0.0,0.0,4,4,2023-03-22 23:15:29.759033
856,2011-02-08,1,0,2,2,0,2,1,2,0.26,0.2727,0.93,0.1045,1.0,1,2,2023-03-22 23:15:29.759033
857,2011-02-08,1,0,2,3,0,2,1,3,0.28,0.2727,0.93,0.1642,0.0,1,1,2023-03-22 23:15:29.759033
858,2011-02-08,1,0,2,4,0,2,1,1,0.26,0.2576,0.93,0.1642,0.0,3,3,2023-03-22 23:15:29.759033
859,2011-02-08,1,0,2,5,0,2,1,1,0.26,0.2273,0.81,0.3284,0.0,2,2,2023-03-22 23:15:29.759033
860,2011-02-08,1,0,2,6,0,2,1,1,0.26,0.2273,0.7,0.3284,0.0,39,39,2023-03-22 23:15:29.759033
861,2011-02-08,1,0,2,7,0,2,1,1,0.24,0.197,0.65,0.4179,3.0,97,100,2023-03-22 23:15:29.759033
862,2011-02-08,1,0,2,8,0,2,1,1,0.24,0.197,0.56,0.4925,7.0,236,243,2023-03-22 23:15:29.759033
863,2011-02-08,1,0,2,9,0,2,1,1,0.24,0.197,0.52,0.4925,7.0,128,135,2023-03-22 23:15:29.759033
864,2011-02-08,1,0,2,10,0,2,1,1,0.22,0.1818,0.47,0.5522,4.0,44,48,2023-03-22 23:15:29.759033
865,2011-02-08,1,0,2,11,0,2,1,1,0.22,0.1818,0.47,0.4627,1.0,49,50,2023-03-22 23:15:29.759033
866,2011-02-08,1,0,2,12,0,2,1,1,0.24,0.197,0.38,0.4925,2.0,63,65,2023-03-22 23:15:29.759033
867,2011-02-08,1,0,2,13,0,2,1,2,0.24,0.197,0.32,0.4478,2.0,48,50,2023-03-22 23:15:29.759033
868,2011-02-08,1,0,2,14,0,2,1,1,0.22,0.197,0.37,0.4179,3.0,61,64,2023-03-22 23:15:29.759033
869,2011-02-08,1,0,2,15,0,2,1,1,0.22,0.197,0.35,0.3881,6.0,45,51,2023-03-22 23:15:29.759033
870,2011-02-08,1,0,2,16,0,2,1,1,0.22,0.1818,0.35,0.5224,4.0,79,83,2023-03-22 23:15:29.759033
871,2011-02-08,1,0,2,17,0,2,1,1,0.22,0.1818,0.32,0.5821,4.0,172,176,2023-03-22 23:15:29.759033
872,2011-02-08,1,0,2,18,0,2,1,1,0.2,0.1818,0.32,0.3881,1.0,151,152,2023-03-22 23:15:29.759033
873,2011-02-08,1,0,2,19,0,2,1,1,0.16,0.1212,0.4,0.4627,1.0,100,101,2023-03-22 23:15:29.759033
874,2011-02-08,1,0,2,20,0,2,1,1,0.16,0.1364,0.4,0.3284,3.0,53,56,2023-03-22 23:15:29.759033
875,2011-02-08,1,0,2,21,0,2,1,1,0.14,0.1061,0.33,0.4627,8.0,46,54,2023-03-22 23:15:29.759033
876,2011-02-08,1,0,2,22,0,2,1,1,0.12,0.1061,0.33,0.3582,0.0,29,29,2023-03-22 23:15:29.759033
877,2011-02-08,1,0,2,23,0,2,1,1,0.12,0.1061,0.33,0.3284,3.0,9,12,2023-03-22 23:15:29.759033
878,2011-02-09,1,0,2,0,0,3,1,1,0.1,0.0758,0.36,0.3582,0.0,17,17,2023-03-22 23:15:29.759033
879,2011-02-09,1,0,2,1,0,3,1,1,0.1,0.1061,0.36,0.2239,0.0,7,7,2023-03-22 23:15:29.759033
880,2011-02-09,1,0,2,2,0,3,1,1,0.08,0.0758,0.38,0.2836,1.0,2,3,2023-03-22 23:15:29.759033
881,2011-02-09,1,0,2,3,0,3,1,1,0.06,0.0758,0.45,0.1343,0.0,2,2,2023-03-22 23:15:29.759033
882,2011-02-09,1,0,2,5,0,3,1,1,0.06,0.1061,0.45,0.1045,0.0,7,7,2023-03-22 23:15:29.759033
883,2011-02-09,1,0,2,6,0,3,1,1,0.06,0.1515,0.45,0.0,0.0,43,43,2023-03-22 23:15:29.759033
884,2011-02-09,1,0,2,7,0,3,1,1,0.06,0.1061,0.49,0.1045,4.0,95,99,2023-03-22 23:15:29.759033
885,2011-02-09,1,0,2,8,0,3,1,1,0.1,0.1364,0.42,0.0,1.0,198,199,2023-03-22 23:15:29.759033
886,2011-02-09,1,0,2,9,0,3,1,1,0.12,0.1364,0.39,0.1642,4.0,119,123,2023-03-22 23:15:29.759033
887,2011-02-09,1,0,2,10,0,3,1,1,0.14,0.1818,0.36,0.0,8.0,51,59,2023-03-22 23:15:29.759033
888,2011-02-09,1,0,2,11,0,3,1,2,0.14,0.1515,0.43,0.1642,1.0,40,41,2023-03-22 23:15:29.759033
889,2011-02-09,1,0,2,12,0,3,1,2,0.18,0.1818,0.4,0.2239,4.0,57,61,2023-03-22 23:15:29.759033
890,2011-02-09,1,0,2,13,0,3,1,1,0.18,0.1667,0.4,0.2537,2.0,67,69,2023-03-22 23:15:29.759033
891,2011-02-09,1,0,2,14,0,3,1,1,0.2,0.1818,0.34,0.2985,2.0,56,58,2023-03-22 23:15:29.759033
892,2011-02-09,1,0,2,15,0,3,1,2,0.2,0.1818,0.34,0.2836,3.0,61,64,2023-03-22 23:15:29.759033
893,2011-02-09,1,0,2,16,0,3,1,2,0.2,0.197,0.37,0.2537,7.0,72,79,2023-03-22 23:15:29.759033
894,2011-02-09,1,0,2,17,0,3,1,2,0.2,0.197,0.34,0.2537,9.0,157,166,2023-03-22 23:15:29.759033
895,2011-02-09,1,0,2,18,0,3,1,2,0.18,0.1667,0.47,0.2985,2.0,168,170,2023-03-22 23:15:29.759033
896,2011-02-09,1,0,2,19,0,3,1,3,0.14,0.1212,0.86,0.2537,1.0,87,88,2023-03-22 23:15:29.759033
897,2011-02-09,1,0,2,20,0,3,1,3,0.14,0.1515,0.86,0.1642,0.0,84,84,2023-03-22 23:15:29.759033
898,2011-02-09,1,0,2,21,0,3,1,2,0.14,0.1515,0.86,0.1642,0.0,83,83,2023-03-22 23:15:29.759033
899,2011-02-09,1,0,2,22,0,3,1,3,0.16,0.1667,0.8,0.1642,4.0,42,46,2023-03-22 23:15:29.759033
900,2011-02-09,1,0,2,23,0,3,1,3,0.16,0.1515,0.8,0.194,0.0,37,37,2023-03-22 23:15:29.759033
901,2011-02-10,1,0,2,0,0,4,1,3,0.14,0.1364,0.86,0.194,0.0,16,16,2023-03-22 23:15:29.759033
902,2011-02-10,1,0,2,1,0,4,1,3,0.14,0.1515,0.8,0.1343,0.0,7,7,2023-03-22 23:15:29.759033
903,2011-02-10,1,0,2,2,0,4,1,3,0.14,0.1515,0.8,0.1343,0.0,3,3,2023-03-22 23:15:29.759033
904,2011-02-10,1,0,2,4,0,4,1,2,0.14,0.1364,0.59,0.2239,0.0,1,1,2023-03-22 23:15:29.759033
905,2011-02-10,1,0,2,5,0,4,1,2,0.12,0.1212,0.5,0.2239,0.0,6,6,2023-03-22 23:15:29.759033
906,2011-02-10,1,0,2,6,0,4,1,2,0.12,0.1212,0.54,0.2836,0.0,26,26,2023-03-22 23:15:29.759033
907,2011-02-10,1,0,2,7,0,4,1,1,0.1,0.0758,0.5,0.4179,0.0,99,99,2023-03-22 23:15:29.759033
908,2011-02-10,1,0,2,8,0,4,1,1,0.1,0.0758,0.49,0.3284,5.0,173,178,2023-03-22 23:15:29.759033
909,2011-02-10,1,0,2,9,0,4,1,1,0.12,0.1061,0.42,0.3582,1.0,121,122,2023-03-22 23:15:29.759033
910,2011-02-10,1,0,2,10,0,4,1,1,0.12,0.1061,0.42,0.2985,1.0,34,35,2023-03-22 23:15:29.759033
911,2011-02-10,1,0,2,11,0,4,1,1,0.14,0.1212,0.39,0.3582,1.0,44,45,2023-03-22 23:15:29.759033
912,2011-02-10,1,0,2,12,0,4,1,1,0.16,0.1364,0.34,0.3881,4.0,65,69,2023-03-22 23:15:29.759033
913,2011-02-10,1,0,2,13,0,4,1,1,0.18,0.1667,0.29,0.2985,3.0,59,62,2023-03-22 23:15:29.759033
914,2011-02-10,1,0,2,14,0,4,1,1,0.2,0.1818,0.27,0.2836,6.0,42,48,2023-03-22 23:15:29.759033
915,2011-02-10,1,0,2,15,0,4,1,1,0.2,0.197,0.25,0.2537,0.0,50,50,2023-03-22 23:15:29.759033
916,2011-02-10,1,0,2,16,0,4,1,1,0.2,0.1818,0.27,0.2985,4.0,76,80,2023-03-22 23:15:29.759033
917,2011-02-10,1,0,2,17,0,4,1,1,0.18,0.1818,0.26,0.194,6.0,159,165,2023-03-22 23:15:29.759033
918,2011-02-10,1,0,2,18,0,4,1,1,0.16,0.1818,0.28,0.1343,3.0,157,160,2023-03-22 23:15:29.759033
919,2011-02-10,1,0,2,19,0,4,1,1,0.14,0.1667,0.28,0.1045,2.0,110,112,2023-03-22 23:15:29.759033
920,2011-02-10,1,0,2,20,0,4,1,1,0.14,0.1818,0.31,0.0896,4.0,93,97,2023-03-22 23:15:29.759033
921,2011-02-10,1,0,2,21,0,4,1,1,0.14,0.2121,0.39,0.0,2.0,70,72,2023-03-22 23:15:29.759033
922,2011-02-10,1,0,2,22,0,4,1,1,0.12,0.197,0.39,0.0,4.0,47,51,2023-03-22 23:15:29.759033
923,2011-02-10,1,0,2,23,0,4,1,1,0.12,0.1515,0.42,0.1045,1.0,33,34,2023-03-22 23:15:29.759033
924,2011-02-11,1,0,2,0,0,5,1,1,0.1,0.1364,0.49,0.1045,2.0,12,14,2023-03-22 23:15:29.759033
925,2011-02-11,1,0,2,1,0,5,1,1,0.1,0.1364,0.54,0.0896,1.0,6,7,2023-03-22 23:15:29.759033
926,2011-02-11,1,0,2,2,0,5,1,1,0.1,0.1364,0.54,0.0896,0.0,3,3,2023-03-22 23:15:29.759033
927,2011-02-11,1,0,2,5,0,5,1,1,0.08,0.1212,0.63,0.0896,0.0,4,4,2023-03-22 23:15:29.759033
928,2011-02-11,1,0,2,6,0,5,1,1,0.1,0.1818,0.68,0.0,1.0,23,24,2023-03-22 23:15:29.759033
929,2011-02-11,1,0,2,7,0,5,1,1,0.08,0.1667,0.73,0.0,1.0,73,74,2023-03-22 23:15:29.759033
930,2011-02-11,1,0,2,8,0,5,1,1,0.1,0.1212,0.74,0.1642,4.0,212,216,2023-03-22 23:15:29.759033
931,2011-02-11,1,0,2,9,0,5,1,1,0.12,0.1212,0.74,0.2239,8.0,132,140,2023-03-22 23:15:29.759033
932,2011-02-11,1,0,2,10,0,5,1,1,0.14,0.1364,0.69,0.194,5.0,39,44,2023-03-22 23:15:29.759033
933,2011-02-11,1,0,2,11,0,5,1,1,0.22,0.2273,0.47,0.1343,12.0,52,64,2023-03-22 23:15:29.759033
934,2011-02-11,1,0,2,12,0,5,1,1,0.22,0.2273,0.47,0.1343,7.0,64,71,2023-03-22 23:15:29.759033
935,2011-02-11,1,0,2,13,0,5,1,1,0.24,0.2273,0.35,0.194,21.0,89,110,2023-03-22 23:15:29.759033
936,2011-02-11,1,0,2,14,0,5,1,1,0.3,0.2879,0.26,0.2537,17.0,67,84,2023-03-22 23:15:29.759033
937,2011-02-11,1,0,2,15,0,5,1,1,0.32,0.3182,0.21,0.1642,12.0,62,74,2023-03-22 23:15:29.759033
938,2011-02-11,1,0,2,16,0,5,1,1,0.3,0.2879,0.28,0.194,14.0,111,125,2023-03-22 23:15:29.759033
939,2011-02-11,1,0,2,17,0,5,1,1,0.3,0.3333,0.24,0.0,18.0,193,211,2023-03-22 23:15:29.759033
940,2011-02-11,1,0,2,18,0,5,1,1,0.28,0.3182,0.28,0.0,9.0,165,174,2023-03-22 23:15:29.759033
941,2011-02-11,1,0,2,19,0,5,1,1,0.26,0.303,0.33,0.0,7.0,94,101,2023-03-22 23:15:29.759033
942,2011-02-11,1,0,2,20,0,5,1,1,0.22,0.2273,0.55,0.1343,2.0,61,63,2023-03-22 23:15:29.759033
943,2011-02-11,1,0,2,21,0,5,1,1,0.2,0.2121,0.59,0.1343,1.0,46,47,2023-03-22 23:15:29.759033
944,2011-02-11,1,0,2,22,0,5,1,1,0.2,0.2273,0.64,0.0896,2.0,41,43,2023-03-22 23:15:29.759033
945,2011-02-11,1,0,2,23,0,5,1,1,0.18,0.2424,0.69,0.0,5.0,48,53,2023-03-22 23:15:29.759033
946,2011-02-12,1,0,2,0,0,6,0,1,0.16,0.197,0.69,0.0896,3.0,27,30,2023-03-22 23:15:29.759033
947,2011-02-12,1,0,2,1,0,6,0,1,0.14,0.2121,0.86,0.0,2.0,22,24,2023-03-22 23:15:29.759033
948,2011-02-12,1,0,2,2,0,6,0,1,0.14,0.2121,0.8,0.0,2.0,13,15,2023-03-22 23:15:29.759033
949,2011-02-12,1,0,2,3,0,6,0,1,0.12,0.197,0.8,0.0,3.0,7,10,2023-03-22 23:15:29.759033
950,2011-02-12,1,0,2,4,0,6,0,1,0.12,0.1667,0.74,0.0896,0.0,4,4,2023-03-22 23:15:29.759033
951,2011-02-12,1,0,2,5,0,6,0,1,0.12,0.1667,0.74,0.0896,0.0,1,1,2023-03-22 23:15:29.759033
952,2011-02-12,1,0,2,6,0,6,0,1,0.12,0.1364,0.93,0.194,1.0,1,2,2023-03-22 23:15:29.759033
953,2011-02-12,1,0,2,7,0,6,0,1,0.12,0.1515,0.8,0.1045,2.0,9,11,2023-03-22 23:15:29.759033
954,2011-02-12,1,0,2,8,0,6,0,1,0.14,0.1515,0.86,0.1343,2.0,28,30,2023-03-22 23:15:29.759033
955,2011-02-12,1,0,2,9,0,6,0,1,0.16,0.1818,0.64,0.1343,5.0,38,43,2023-03-22 23:15:29.759033
956,2011-02-12,1,0,2,10,0,6,0,1,0.22,0.2121,0.41,0.2537,13.0,71,84,2023-03-22 23:15:29.759033
957,2011-02-12,1,0,2,11,0,6,0,1,0.3,0.2727,0.28,0.3284,30.0,84,114,2023-03-22 23:15:29.759033
958,2011-02-12,1,0,2,12,0,6,0,1,0.3,0.2727,0.39,0.4627,27.0,93,120,2023-03-22 23:15:29.759033
959,2011-02-12,1,0,2,13,0,6,0,1,0.3,0.2727,0.39,0.4179,32.0,103,135,2023-03-22 23:15:29.759033
960,2011-02-12,1,0,2,14,0,6,0,1,0.34,0.3182,0.31,0.2836,30.0,90,120,2023-03-22 23:15:29.759033
961,2011-02-12,1,0,2,15,0,6,0,1,0.34,0.303,0.29,0.4179,47.0,127,174,2023-03-22 23:15:29.759033
962,2011-02-12,1,0,2,16,0,6,0,1,0.34,0.303,0.29,0.4179,42.0,103,145,2023-03-22 23:15:29.759033
963,2011-02-12,1,0,2,17,0,6,0,1,0.32,0.2879,0.31,0.5224,24.0,113,137,2023-03-22 23:15:29.759033
964,2011-02-12,1,0,2,18,0,6,0,1,0.28,0.2576,0.38,0.3284,4.0,60,64,2023-03-22 23:15:29.759033
965,2011-02-12,1,0,2,19,0,6,0,1,0.28,0.2727,0.38,0.1642,2.0,39,41,2023-03-22 23:15:29.759033
966,2011-02-12,1,0,2,20,0,6,0,1,0.26,0.2576,0.41,0.2239,1.0,39,40,2023-03-22 23:15:29.759033
967,2011-02-12,1,0,2,21,0,6,0,1,0.26,0.303,0.41,0.0,9.0,42,51,2023-03-22 23:15:29.759033
968,2011-02-12,1,0,2,22,0,6,0,1,0.24,0.2576,0.44,0.0896,6.0,39,45,2023-03-22 23:15:29.759033
969,2011-02-12,1,0,2,23,0,6,0,1,0.22,0.2273,0.51,0.1343,1.0,31,32,2023-03-22 23:15:29.759033
970,2011-02-13,1,0,2,0,0,0,0,1,0.2,0.2273,0.64,0.1045,5.0,34,39,2023-03-22 23:15:29.759033
971,2011-02-13,1,0,2,1,0,0,0,1,0.2,0.2273,0.59,0.0896,1.0,23,24,2023-03-22 23:15:29.759033
972,2011-02-13,1,0,2,2,0,0,0,2,0.2,0.2273,0.75,0.0896,1.0,19,20,2023-03-22 23:15:29.759033
973,2011-02-13,1,0,2,3,0,0,0,2,0.2,0.2273,0.69,0.1045,4.0,8,12,2023-03-22 23:15:29.759033
974,2011-02-13,1,0,2,4,0,0,0,2,0.2,0.2121,0.69,0.1642,0.0,2,2,2023-03-22 23:15:29.759033
975,2011-02-13,1,0,2,6,0,0,0,2,0.2,0.2121,0.69,0.1343,2.0,3,5,2023-03-22 23:15:29.759033
976,2011-02-13,1,0,2,7,0,0,0,2,0.22,0.2727,0.55,0.0,0.0,3,3,2023-03-22 23:15:29.759033
977,2011-02-13,1,0,2,8,0,0,0,2,0.22,0.2273,0.64,0.194,1.0,11,12,2023-03-22 23:15:29.759033
978,2011-02-13,1,0,2,9,0,0,0,2,0.24,0.2273,0.6,0.2239,12.0,35,47,2023-03-22 23:15:29.759033
979,2011-02-13,1,0,2,10,0,0,0,1,0.3,0.2727,0.45,0.3284,19.0,86,105,2023-03-22 23:15:29.759033
980,2011-02-13,1,0,2,11,0,0,0,1,0.32,0.2879,0.39,0.4478,26.0,86,112,2023-03-22 23:15:29.759033
981,2011-02-13,1,0,2,12,0,0,0,1,0.36,0.3182,0.32,0.4627,58.0,94,152,2023-03-22 23:15:29.759033
982,2011-02-13,1,0,2,13,0,0,0,1,0.38,0.3939,0.29,0.3582,62.0,92,154,2023-03-22 23:15:29.759033
983,2011-02-13,1,0,2,14,0,0,0,2,0.4,0.4091,0.3,0.4179,51.0,110,161,2023-03-22 23:15:29.759033
984,2011-02-13,1,0,2,15,0,0,0,2,0.4,0.4091,0.3,0.2985,40.0,122,162,2023-03-22 23:15:29.759033
985,2011-02-13,1,0,2,16,0,0,0,2,0.42,0.4242,0.28,0.3284,28.0,106,134,2023-03-22 23:15:29.759033
986,2011-02-13,1,0,2,17,0,0,0,1,0.42,0.4242,0.28,0.3284,30.0,95,125,2023-03-22 23:15:29.759033
987,2011-02-13,1,0,2,18,0,0,0,1,0.4,0.4091,0.32,0.2985,17.0,78,95,2023-03-22 23:15:29.759033
988,2011-02-13,1,0,2,19,0,0,0,1,0.4,0.4091,0.35,0.2836,11.0,50,61,2023-03-22 23:15:29.759033
989,2011-02-13,1,0,2,20,0,0,0,1,0.4,0.4091,0.35,0.3284,15.0,32,47,2023-03-22 23:15:29.759033
990,2011-02-13,1,0,2,21,0,0,0,1,0.4,0.4091,0.35,0.3582,6.0,45,51,2023-03-22 23:15:29.759033
991,2011-02-13,1,0,2,22,0,0,0,1,0.4,0.4091,0.35,0.2985,5.0,31,36,2023-03-22 23:15:29.759033
992,2011-02-13,1,0,2,23,0,0,0,1,0.4,0.4091,0.35,0.3582,3.0,27,30,2023-03-22 23:15:29.759033
993,2011-02-14,1,0,2,0,0,1,1,1,0.38,0.3939,0.37,0.3582,3.0,8,11,2023-03-22 23:15:29.759033
994,2011-02-14,1,0,2,1,0,1,1,1,0.38,0.3939,0.37,0.3582,1.0,6,7,2023-03-22 23:15:29.759033
995,2011-02-14,1,0,2,2,0,1,1,1,0.36,0.3333,0.4,0.2985,0.0,2,2,2023-03-22 23:15:29.759033
996,2011-02-14,1,0,2,3,0,1,1,1,0.34,0.3182,0.46,0.2239,1.0,1,2,2023-03-22 23:15:29.759033
997,2011-02-14,1,0,2,4,0,1,1,1,0.32,0.303,0.53,0.2836,0.0,2,2,2023-03-22 23:15:29.759033
998,2011-02-14,1,0,2,5,0,1,1,1,0.32,0.303,0.53,0.2836,0.0,3,3,2023-03-22 23:15:29.759033
999,2011-02-14,1,0,2,6,0,1,1,1,0.34,0.303,0.46,0.2985,1.0,25,26,2023-03-22 23:15:29.759033
1000,2011-02-14,1,0,2,7,0,1,1,1,0.34,0.303,0.46,0.2985,2.0,96,98,2023-03-22 23:15:29.759033
1001,2011-02-14,1,0,2,8,0,1,1,1,0.38,0.3939,0.4,0.4627,7.0,249,256,2023-03-22 23:15:29.759033
1002,2011-02-14,1,0,2,9,0,1,1,1,0.4,0.4091,0.37,0.3881,8.0,122,130,2023-03-22 23:15:29.759033
1003,2011-02-14,1,0,2,10,0,1,1,1,0.44,0.4394,0.33,0.2239,9.0,46,55,2023-03-22 23:15:29.759033
1004,2011-02-14,1,0,2,11,0,1,1,1,0.52,0.5,0.23,0.2537,10.0,43,53,2023-03-22 23:15:29.759033
1005,2011-02-14,1,0,2,12,0,1,1,1,0.56,0.5303,0.22,0.4478,27.0,99,126,2023-03-22 23:15:29.759033
1006,2011-02-14,1,0,2,13,0,1,1,1,0.58,0.5455,0.19,0.3881,27.0,93,120,2023-03-22 23:15:29.759033
1007,2011-02-14,1,0,2,14,0,1,1,1,0.6,0.5909,0.15,0.4925,14.0,76,90,2023-03-22 23:15:29.759033
1008,2011-02-14,1,0,2,15,0,1,1,1,0.56,0.5303,0.21,0.6567,19.0,71,90,2023-03-22 23:15:29.759033
1009,2011-02-14,1,0,2,16,0,1,1,1,0.52,0.5,0.27,0.4627,16.0,102,118,2023-03-22 23:15:29.759033
1010,2011-02-14,1,0,2,17,0,1,1,1,0.46,0.4545,0.33,0.6119,25.0,218,243,2023-03-22 23:15:29.759033
1011,2011-02-14,1,0,2,18,0,1,1,1,0.4,0.4091,0.4,0.6119,11.0,194,205,2023-03-22 23:15:29.759033
1012,2011-02-14,1,0,2,19,0,1,1,1,0.38,0.3939,0.43,0.4925,12.0,86,98,2023-03-22 23:15:29.759033
1013,2011-02-14,1,0,2,20,0,1,1,1,0.36,0.3182,0.46,0.4627,5.0,65,70,2023-03-22 23:15:29.759033
1014,2011-02-14,1,0,2,21,0,1,1,1,0.36,0.3182,0.5,0.5224,8.0,35,43,2023-03-22 23:15:29.759033
1015,2011-02-14,1,0,2,22,0,1,1,1,0.34,0.2879,0.46,0.6567,1.0,44,45,2023-03-22 23:15:29.759033
1016,2011-02-14,1,0,2,23,0,1,1,1,0.32,0.2879,0.49,0.4925,1.0,19,20,2023-03-22 23:15:29.759033
1017,2011-02-15,1,0,2,0,0,2,1,1,0.3,0.2727,0.49,0.4179,7.0,12,19,2023-03-22 23:15:29.759033
1018,2011-02-15,1,0,2,1,0,2,1,1,0.3,0.2424,0.42,0.7761,0.0,5,5,2023-03-22 23:15:29.759033
1019,2011-02-15,1,0,2,2,0,2,1,1,0.28,0.2273,0.41,0.6866,1.0,2,3,2023-03-22 23:15:29.759033
1020,2011-02-15,1,0,2,4,0,2,1,1,0.22,0.1818,0.37,0.5224,0.0,1,1,2023-03-22 23:15:29.759033
1021,2011-02-15,1,0,2,5,0,2,1,1,0.22,0.1818,0.32,0.4627,0.0,4,4,2023-03-22 23:15:29.759033
1022,2011-02-15,1,0,2,6,0,2,1,1,0.2,0.1818,0.32,0.3284,0.0,30,30,2023-03-22 23:15:29.759033
1023,2011-02-15,1,0,2,7,0,2,1,1,0.2,0.1818,0.32,0.3582,2.0,103,105,2023-03-22 23:15:29.759033
1024,2011-02-15,1,0,2,8,0,2,1,1,0.2,0.1818,0.32,0.3582,10.0,213,223,2023-03-22 23:15:29.759033
1025,2011-02-15,1,0,2,9,0,2,1,1,0.22,0.197,0.29,0.4478,2.0,108,110,2023-03-22 23:15:29.759033
1026,2011-02-15,1,0,2,10,0,2,1,1,0.24,0.2121,0.27,0.2836,5.0,47,52,2023-03-22 23:15:29.759033
1027,2011-02-15,1,0,2,11,0,2,1,1,0.26,0.2424,0.25,0.2537,11.0,46,57,2023-03-22 23:15:29.759033
1028,2011-02-15,1,0,2,12,0,2,1,1,0.28,0.2727,0.24,0.2537,6.0,65,71,2023-03-22 23:15:29.759033
1029,2011-02-15,1,0,2,13,0,2,1,1,0.32,0.303,0.21,0.2239,14.0,68,82,2023-03-22 23:15:29.759033
1030,2011-02-15,1,0,2,14,0,2,1,1,0.34,0.3182,0.19,0.2239,10.0,69,79,2023-03-22 23:15:29.759033
1031,2011-02-15,1,0,2,15,0,2,1,1,0.34,0.3333,0.19,0.1642,11.0,74,85,2023-03-22 23:15:29.759033
1032,2011-02-15,1,0,2,16,0,2,1,1,0.34,0.3182,0.19,0.2537,21.0,77,98,2023-03-22 23:15:29.759033
1033,2011-02-15,1,0,2,17,0,2,1,1,0.32,0.303,0.22,0.2239,15.0,191,206,2023-03-22 23:15:29.759033
1034,2011-02-15,1,0,2,18,0,2,1,1,0.3,0.303,0.22,0.1343,14.0,198,212,2023-03-22 23:15:29.759033
1035,2011-02-15,1,0,2,19,0,2,1,1,0.28,0.2879,0.26,0.1343,3.0,142,145,2023-03-22 23:15:29.759033
1036,2011-02-15,1,0,2,20,0,2,1,1,0.26,0.2727,0.33,0.1045,3.0,98,101,2023-03-22 23:15:29.759033
1037,2011-02-15,1,0,2,21,0,2,1,1,0.24,0.2879,0.52,0.0,5.0,61,66,2023-03-22 23:15:29.759033
1038,2011-02-15,1,0,2,22,0,2,1,1,0.24,0.2879,0.44,0.0,0.0,41,41,2023-03-22 23:15:29.759033
1039,2011-02-15,1,0,2,23,0,2,1,2,0.22,0.2576,0.44,0.0896,0.0,20,20,2023-03-22 23:15:29.759033
1040,2011-02-16,1,0,2,0,0,3,1,1,0.22,0.2576,0.41,0.0896,0.0,15,15,2023-03-22 23:15:29.759033
1041,2011-02-16,1,0,2,1,0,3,1,1,0.2,0.2273,0.44,0.0896,0.0,9,9,2023-03-22 23:15:29.759033
1042,2011-02-16,1,0,2,3,0,3,1,2,0.2,0.197,0.47,0.194,0.0,1,1,2023-03-22 23:15:29.759033
1043,2011-02-16,1,0,2,4,0,3,1,1,0.2,0.197,0.51,0.194,0.0,1,1,2023-03-22 23:15:29.759033
1044,2011-02-16,1,0,2,5,0,3,1,1,0.2,0.197,0.47,0.194,0.0,5,5,2023-03-22 23:15:29.759033
1045,2011-02-16,1,0,2,6,0,3,1,1,0.2,0.197,0.55,0.2239,1.0,32,33,2023-03-22 23:15:29.759033
1046,2011-02-16,1,0,2,7,0,3,1,2,0.2,0.197,0.55,0.2239,5.0,103,108,2023-03-22 23:15:29.759033
1047,2011-02-16,1,0,2,8,0,3,1,2,0.22,0.2273,0.55,0.1642,6.0,224,230,2023-03-22 23:15:29.759033
1048,2011-02-16,1,0,2,9,0,3,1,1,0.24,0.2121,0.52,0.2836,2.0,122,124,2023-03-22 23:15:29.759033
1049,2011-02-16,1,0,2,10,0,3,1,1,0.26,0.2273,0.41,0.3881,14.0,55,69,2023-03-22 23:15:29.759033
1050,2011-02-16,1,0,2,11,0,3,1,1,0.34,0.303,0.34,0.2985,7.0,59,66,2023-03-22 23:15:29.759033
1051,2011-02-16,1,0,2,12,0,3,1,1,0.38,0.3939,0.32,0.3284,14.0,72,86,2023-03-22 23:15:29.759033
1052,2011-02-16,1,0,2,13,0,3,1,1,0.42,0.4242,0.3,0.3582,13.0,80,93,2023-03-22 23:15:29.759033
1053,2011-02-16,1,0,2,14,0,3,1,1,0.46,0.4545,0.28,0.4179,17.0,65,82,2023-03-22 23:15:29.759033
1054,2011-02-16,1,0,2,15,0,3,1,1,0.46,0.4545,0.28,0.4179,35.0,82,117,2023-03-22 23:15:29.759033
1055,2011-02-16,1,0,2,16,0,3,1,1,0.46,0.4545,0.31,0.3881,26.0,96,122,2023-03-22 23:15:29.759033
1056,2011-02-16,1,0,2,17,0,3,1,1,0.46,0.4545,0.28,0.2836,11.0,244,255,2023-03-22 23:15:29.759033
1057,2011-02-16,1,0,2,18,0,3,1,1,0.4,0.4091,0.4,0.2239,20.0,202,222,2023-03-22 23:15:29.759033
1058,2011-02-16,1,0,2,19,0,3,1,1,0.34,0.3182,0.53,0.2239,18.0,143,161,2023-03-22 23:15:29.759033
1059,2011-02-16,1,0,2,20,0,3,1,1,0.38,0.3939,0.43,0.194,10.0,108,118,2023-03-22 23:15:29.759033
1060,2011-02-16,1,0,2,21,0,3,1,1,0.36,0.3485,0.46,0.194,5.0,87,92,2023-03-22 23:15:29.759033
1061,2011-02-16,1,0,2,22,0,3,1,1,0.34,0.3333,0.53,0.194,12.0,61,73,2023-03-22 23:15:29.759033
1062,2011-02-16,1,0,2,23,0,3,1,1,0.38,0.3939,0.4,0.2239,2.0,31,33,2023-03-22 23:15:29.759033
1063,2011-02-17,1,0,2,0,0,4,1,1,0.34,0.3333,0.53,0.194,1.0,16,17,2023-03-22 23:15:29.759033
1064,2011-02-17,1,0,2,1,0,4,1,1,0.34,0.3182,0.53,0.2239,0.0,6,6,2023-03-22 23:15:29.759033
1065,2011-02-17,1,0,2,2,0,4,1,2,0.34,0.3182,0.53,0.2239,2.0,4,6,2023-03-22 23:15:29.759033
1066,2011-02-17,1,0,2,3,0,4,1,1,0.34,0.3333,0.53,0.194,3.0,1,4,2023-03-22 23:15:29.759033
1067,2011-02-17,1,0,2,4,0,4,1,1,0.32,0.3182,0.57,0.194,3.0,1,4,2023-03-22 23:15:29.759033
1068,2011-02-17,1,0,2,5,0,4,1,1,0.32,0.3333,0.66,0.0896,1.0,11,12,2023-03-22 23:15:29.759033
1069,2011-02-17,1,0,2,6,0,4,1,1,0.3,0.303,0.7,0.1343,3.0,44,47,2023-03-22 23:15:29.759033
1070,2011-02-17,1,0,2,7,0,4,1,1,0.32,0.3333,0.57,0.1045,7.0,119,126,2023-03-22 23:15:29.759033
1071,2011-02-17,1,0,2,8,0,4,1,1,0.32,0.3333,0.57,0.0896,18.0,267,285,2023-03-22 23:15:29.759033
1072,2011-02-17,1,0,2,9,0,4,1,1,0.36,0.3485,0.57,0.194,16.0,163,179,2023-03-22 23:15:29.759033
1073,2011-02-17,1,0,2,10,0,4,1,1,0.38,0.3939,0.54,0.194,18.0,70,88,2023-03-22 23:15:29.759033
1074,2011-02-17,1,0,2,11,0,4,1,2,0.44,0.4394,0.44,0.2537,19.0,71,90,2023-03-22 23:15:29.759033
1075,2011-02-17,1,0,2,12,0,4,1,1,0.48,0.4697,0.41,0.2239,15.0,86,101,2023-03-22 23:15:29.759033
1076,2011-02-17,1,0,2,13,0,4,1,1,0.54,0.5152,0.34,0.2239,15.0,108,123,2023-03-22 23:15:29.759033
1077,2011-02-17,1,0,2,14,0,4,1,1,0.6,0.6212,0.31,0.2239,26.0,55,81,2023-03-22 23:15:29.759033
1078,2011-02-17,1,0,2,15,0,4,1,1,0.6,0.6061,0.28,0.2537,15.0,91,106,2023-03-22 23:15:29.759033
1079,2011-02-17,1,0,2,16,0,4,1,2,0.56,0.5303,0.35,0.2985,29.0,117,146,2023-03-22 23:15:29.759033
1080,2011-02-17,1,0,2,17,0,4,1,2,0.58,0.5455,0.32,0.2985,18.0,256,274,2023-03-22 23:15:29.759033
1081,2011-02-17,1,0,2,18,0,4,1,2,0.54,0.5152,0.42,0.2836,11.0,211,222,2023-03-22 23:15:29.759033
1082,2011-02-17,1,0,2,19,0,4,1,1,0.48,0.4697,0.55,0.3284,14.0,161,175,2023-03-22 23:15:29.759033
1083,2011-02-17,1,0,2,20,0,4,1,1,0.48,0.4697,0.59,0.3284,8.0,131,139,2023-03-22 23:15:29.759033
1084,2011-02-17,1,0,2,21,0,4,1,1,0.52,0.5,0.55,0.3881,5.0,119,124,2023-03-22 23:15:29.759033
1085,2011-02-17,1,0,2,22,0,4,1,1,0.5,0.4848,0.59,0.2836,8.0,68,76,2023-03-22 23:15:29.759033
1086,2011-02-17,1,0,2,23,0,4,1,1,0.46,0.4545,0.67,0.2985,4.0,40,44,2023-03-22 23:15:29.759033
1087,2011-02-18,1,0,2,0,0,5,1,1,0.44,0.4394,0.72,0.2836,12.0,20,32,2023-03-22 23:15:29.759033
1088,2011-02-18,1,0,2,1,0,5,1,1,0.44,0.4394,0.72,0.2239,1.0,7,8,2023-03-22 23:15:29.759033
1089,2011-02-18,1,0,2,2,0,5,1,1,0.44,0.4394,0.72,0.2836,2.0,5,7,2023-03-22 23:15:29.759033
1090,2011-02-18,1,0,2,3,0,5,1,1,0.46,0.4545,0.67,0.2537,2.0,6,8,2023-03-22 23:15:29.759033
1091,2011-02-18,1,0,2,4,0,5,1,1,0.46,0.4545,0.67,0.2537,0.0,1,1,2023-03-22 23:15:29.759033
1092,2011-02-18,1,0,2,5,0,5,1,2,0.46,0.4545,0.67,0.1045,1.0,6,7,2023-03-22 23:15:29.759033
