instant,date,season,year,month,hour,holiday,weekday,day_type,weather,temperature,warming_sensation,humidity,windspeed,casual,registered,count,last_modified
1,2011-01-01,spring,2011,Jan,0,0,Sat,Holyday,Clear,0.24,0.2879,0.81,0.0,3.0,13,16,2023-03-26 04:01:44.335810
2,2011-01-01,spring,2011,Jan,1,0,Sat,Holyday,Clear,0.22,0.2727,0.8,0.0,8.0,32,40,2023-03-26 04:01:44.335810
3,2011-01-01,spring,2011,Jan,2,0,Sat,Holyday,Clear,0.22,0.2727,0.8,0.0,5.0,27,32,2023-03-26 04:01:44.335810
4,2011-01-01,spring,2011,Jan,3,0,Sat,Holyday,Clear,0.24,0.2879,0.75,0.0,3.0,10,13,2023-03-26 04:01:44.335810
6,2011-01-01,spring,2011,Jan,5,0,Sat,Holyday,Mist,0.24,0.2576,0.75,0.0896,0.0,1,1,2023-03-26 04:01:44.335810
7,2011-01-01,spring,2011,Jan,6,0,Sat,Holyday,Clear,0.22,0.2727,0.8,0.0,2.0,0,2,2023-03-26 04:01:44.335810
8,2011-01-01,spring,2011,Jan,7,0,Sat,Holyday,Clear,0.2,0.2576,0.86,0.0,1.0,2,3,2023-03-26 04:01:44.335810
9,2011-01-01,spring,2011,Jan,8,0,Sat,Holyday,Clear,0.24,0.2879,0.75,0.0,1.0,7,8,2023-03-26 04:01:44.335810
10,2011-01-01,spring,2011,Jan,9,0,Sat,Holyday,Clear,0.32,0.3485,0.76,0.0,8.0,6,14,2023-03-26 04:01:44.335810
11,2011-01-01,spring,2011,Jan,10,0,Sat,Holyday,Clear,0.38,0.3939,0.76,0.2537,12.0,24,36,2023-03-26 04:01:44.335810
12,2011-01-01,spring,2011,Jan,11,0,Sat,Holyday,Clear,0.36,0.3333,0.81,0.2836,26.0,30,56,2023-03-26 04:01:44.335810
13,2011-01-01,spring,2011,Jan,12,0,Sat,Holyday,Clear,0.42,0.4242,0.77,0.2836,29.0,55,84,2023-03-26 04:01:44.335810
14,2011-01-01,spring,2011,Jan,13,0,Sat,Holyday,Mist,0.46,0.4545,0.72,0.2985,47.0,47,94,2023-03-26 04:01:44.335810
16,2011-01-01,spring,2011,Jan,15,0,Sat,Holyday,Mist,0.44,0.4394,0.77,0.2985,40.0,70,110,2023-03-26 04:01:44.335810
17,2011-01-01,spring,2011,Jan,16,0,Sat,Holyday,Mist,0.42,0.4242,0.82,0.2985,41.0,52,93,2023-03-26 04:01:44.335810
18,2011-01-01,spring,2011,Jan,17,0,Sat,Holyday,Mist,0.44,0.4394,0.82,0.2836,15.0,52,67,2023-03-26 04:01:44.335810
19,2011-01-01,spring,2011,Jan,18,0,Sat,Holyday,Light Snow,0.42,0.4242,0.88,0.2537,9.0,26,35,2023-03-26 04:01:44.335810
20,2011-01-01,spring,2011,Jan,19,0,Sat,Holyday,Light Snow,0.42,0.4242,0.88,0.2537,6.0,31,37,2023-03-26 04:01:44.335810
21,2011-01-01,spring,2011,Jan,20,0,Sat,Holyday,Mist,0.4,0.4091,0.87,0.2537,11.0,25,36,2023-03-26 04:01:44.335810
22,2011-01-01,spring,2011,Jan,21,0,Sat,Holyday,Mist,0.4,0.4091,0.87,0.194,3.0,31,34,2023-03-26 04:01:44.335810
23,2011-01-01,spring,2011,Jan,22,0,Sat,Holyday,Mist,0.4,0.4091,0.94,0.2239,11.0,17,28,2023-03-26 04:01:44.335810
24,2011-01-01,spring,2011,Jan,23,0,Sat,Holyday,Mist,0.46,0.4545,0.88,0.2985,15.0,24,39,2023-03-26 04:01:44.335810
25,2011-01-02,spring,2011,Jan,0,0,Sun,Holyday,Mist,0.46,0.4545,0.88,0.2985,4.0,13,17,2023-03-26 04:01:44.335810
26,2011-01-02,spring,2011,Jan,1,0,Sun,Holyday,Mist,0.44,0.4394,0.94,0.2537,1.0,16,17,2023-03-26 04:01:44.335810
28,2011-01-02,spring,2011,Jan,3,0,Sun,Holyday,Mist,0.46,0.4545,0.94,0.194,2.0,4,6,2023-03-26 04:01:44.335810
29,2011-01-02,spring,2011,Jan,4,0,Sun,Holyday,Mist,0.46,0.4545,0.94,0.194,2.0,1,3,2023-03-26 04:01:44.335810
30,2011-01-02,spring,2011,Jan,6,0,Sun,Holyday,Light Snow,0.42,0.4242,0.77,0.2985,0.0,2,2,2023-03-26 04:01:44.335810
31,2011-01-02,spring,2011,Jan,7,0,Sun,Holyday,Mist,0.4,0.4091,0.76,0.194,0.0,1,1,2023-03-26 04:01:44.335810
32,2011-01-02,spring,2011,Jan,8,0,Sun,Holyday,Light Snow,0.4,0.4091,0.71,0.2239,0.0,8,8,2023-03-26 04:01:44.335810
33,2011-01-02,spring,2011,Jan,9,0,Sun,Holyday,Mist,0.38,0.3939,0.76,0.2239,1.0,19,20,2023-03-26 04:01:44.335810
34,2011-01-02,spring,2011,Jan,10,0,Sun,Holyday,Mist,0.36,0.3485,0.81,0.2239,7.0,46,53,2023-03-26 04:01:44.335810
35,2011-01-02,spring,2011,Jan,11,0,Sun,Holyday,Mist,0.36,0.3333,0.71,0.2537,16.0,54,70,2023-03-26 04:01:44.335810
36,2011-01-02,spring,2011,Jan,12,0,Sun,Holyday,Mist,0.36,0.3333,0.66,0.2985,20.0,73,93,2023-03-26 04:01:44.335810
37,2011-01-02,spring,2011,Jan,13,0,Sun,Holyday,Mist,0.36,0.3485,0.66,0.1343,11.0,64,75,2023-03-26 04:01:44.335810
38,2011-01-02,spring,2011,Jan,14,0,Sun,Holyday,Light Snow,0.36,0.3485,0.76,0.194,4.0,55,59,2023-03-26 04:01:44.335810
39,2011-01-02,spring,2011,Jan,15,0,Sun,Holyday,Light Snow,0.34,0.3333,0.81,0.1642,19.0,55,74,2023-03-26 04:01:44.335810
40,2011-01-02,spring,2011,Jan,16,0,Sun,Holyday,Light Snow,0.34,0.3333,0.71,0.1642,9.0,67,76,2023-03-26 04:01:44.335810
41,2011-01-02,spring,2011,Jan,17,0,Sun,Holyday,Clear,0.34,0.3333,0.57,0.194,7.0,58,65,2023-03-26 04:01:44.335810
42,2011-01-02,spring,2011,Jan,18,0,Sun,Holyday,Mist,0.36,0.3333,0.46,0.3284,10.0,43,53,2023-03-26 04:01:44.335810
43,2011-01-02,spring,2011,Jan,19,0,Sun,Holyday,Clear,0.32,0.2879,0.42,0.4478,1.0,29,30,2023-03-26 04:01:44.335810
44,2011-01-02,spring,2011,Jan,20,0,Sun,Holyday,Clear,0.3,0.2727,0.39,0.3582,5.0,17,22,2023-03-26 04:01:44.335810
45,2011-01-02,spring,2011,Jan,21,0,Sun,Holyday,Clear,0.26,0.2273,0.44,0.3284,11.0,20,31,2023-03-26 04:01:44.335810
46,2011-01-02,spring,2011,Jan,22,0,Sun,Holyday,Clear,0.24,0.2121,0.44,0.2985,0.0,9,9,2023-03-26 04:01:44.335810
47,2011-01-02,spring,2011,Jan,23,0,Sun,Holyday,Clear,0.22,0.2273,0.47,0.1642,0.0,8,8,2023-03-26 04:01:44.335810
48,2011-01-03,spring,2011,Jan,0,0,Mon,Working_day,Clear,0.22,0.197,0.44,0.3582,0.0,5,5,2023-03-26 04:01:44.335810
49,2011-01-03,spring,2011,Jan,1,0,Mon,Working_day,Clear,0.2,0.1667,0.44,0.4179,0.0,2,2,2023-03-26 04:01:44.335810
50,2011-01-03,spring,2011,Jan,4,0,Mon,Working_day,Clear,0.16,0.1364,0.47,0.3881,0.0,1,1,2023-03-26 04:01:44.335810
51,2011-01-03,spring,2011,Jan,5,0,Mon,Working_day,Clear,0.16,0.1364,0.47,0.2836,0.0,3,3,2023-03-26 04:01:44.335810
52,2011-01-03,spring,2011,Jan,6,0,Mon,Working_day,Clear,0.14,0.1061,0.5,0.3881,0.0,30,30,2023-03-26 04:01:44.335810
53,2011-01-03,spring,2011,Jan,7,0,Mon,Working_day,Clear,0.14,0.1364,0.5,0.194,1.0,63,64,2023-03-26 04:01:44.335810
54,2011-01-03,spring,2011,Jan,8,0,Mon,Working_day,Clear,0.14,0.1212,0.5,0.2836,1.0,153,154,2023-03-26 04:01:44.335810
55,2011-01-03,spring,2011,Jan,9,0,Mon,Working_day,Clear,0.16,0.1364,0.43,0.3881,7.0,81,88,2023-03-26 04:01:44.335810
56,2011-01-03,spring,2011,Jan,10,0,Mon,Working_day,Clear,0.18,0.1667,0.43,0.2537,11.0,33,44,2023-03-26 04:01:44.335810
57,2011-01-03,spring,2011,Jan,11,0,Mon,Working_day,Clear,0.2,0.1818,0.4,0.3284,10.0,41,51,2023-03-26 04:01:44.335810
58,2011-01-03,spring,2011,Jan,12,0,Mon,Working_day,Clear,0.22,0.2121,0.35,0.2985,13.0,48,61,2023-03-26 04:01:44.335810
59,2011-01-03,spring,2011,Jan,13,0,Mon,Working_day,Clear,0.24,0.2121,0.35,0.2836,8.0,53,61,2023-03-26 04:01:44.335810
60,2011-01-03,spring,2011,Jan,14,0,Mon,Working_day,Clear,0.26,0.2424,0.3,0.2836,11.0,66,77,2023-03-26 04:01:44.335810
61,2011-01-03,spring,2011,Jan,15,0,Mon,Working_day,Clear,0.26,0.2424,0.3,0.2537,14.0,58,72,2023-03-26 04:01:44.335810
62,2011-01-03,spring,2011,Jan,16,0,Mon,Working_day,Clear,0.26,0.2424,0.3,0.2537,9.0,67,76,2023-03-26 04:01:44.335810
63,2011-01-03,spring,2011,Jan,17,0,Mon,Working_day,Clear,0.24,0.2273,0.3,0.2239,11.0,146,157,2023-03-26 04:01:44.335810
64,2011-01-03,spring,2011,Jan,18,0,Mon,Working_day,Clear,0.24,0.2576,0.32,0.1045,9.0,148,157,2023-03-26 04:01:44.335810
65,2011-01-03,spring,2011,Jan,19,0,Mon,Working_day,Clear,0.2,0.2576,0.47,0.0,8.0,102,110,2023-03-26 04:01:44.335810
66,2011-01-03,spring,2011,Jan,20,0,Mon,Working_day,Clear,0.2,0.2273,0.47,0.1045,3.0,49,52,2023-03-26 04:01:44.335810
67,2011-01-03,spring,2011,Jan,21,0,Mon,Working_day,Clear,0.18,0.197,0.64,0.1343,3.0,49,52,2023-03-26 04:01:44.335810
68,2011-01-03,spring,2011,Jan,22,0,Mon,Working_day,Clear,0.14,0.1515,0.69,0.1343,0.0,20,20,2023-03-26 04:01:44.335810
69,2011-01-03,spring,2011,Jan,23,0,Mon,Working_day,Clear,0.18,0.2121,0.55,0.1045,1.0,11,12,2023-03-26 04:01:44.335810
70,2011-01-04,spring,2011,Jan,0,0,Tue,Working_day,Clear,0.16,0.1818,0.55,0.1045,0.0,5,5,2023-03-26 04:01:44.335810
71,2011-01-04,spring,2011,Jan,1,0,Tue,Working_day,Clear,0.16,0.1818,0.59,0.1045,0.0,2,2,2023-03-26 04:01:44.335810
72,2011-01-04,spring,2011,Jan,2,0,Tue,Working_day,Clear,0.14,0.1515,0.63,0.1343,0.0,1,1,2023-03-26 04:01:44.335810
73,2011-01-04,spring,2011,Jan,4,0,Tue,Working_day,Clear,0.14,0.1818,0.63,0.0896,0.0,2,2,2023-03-26 04:01:44.335810
74,2011-01-04,spring,2011,Jan,5,0,Tue,Working_day,Clear,0.12,0.1515,0.68,0.1045,0.0,4,4,2023-03-26 04:01:44.335810
75,2011-01-04,spring,2011,Jan,6,0,Tue,Working_day,Clear,0.12,0.1515,0.74,0.1045,0.0,36,36,2023-03-26 04:01:44.335810
76,2011-01-04,spring,2011,Jan,7,0,Tue,Working_day,Clear,0.12,0.1515,0.74,0.1343,2.0,92,94,2023-03-26 04:01:44.335810
77,2011-01-04,spring,2011,Jan,8,0,Tue,Working_day,Clear,0.14,0.1515,0.69,0.1642,2.0,177,179,2023-03-26 04:01:44.335810
78,2011-01-04,spring,2011,Jan,9,0,Tue,Working_day,Clear,0.16,0.1515,0.64,0.2239,2.0,98,100,2023-03-26 04:01:44.335810
79,2011-01-04,spring,2011,Jan,10,0,Tue,Working_day,Mist,0.16,0.1364,0.69,0.3284,5.0,37,42,2023-03-26 04:01:44.335810
80,2011-01-04,spring,2011,Jan,11,0,Tue,Working_day,Clear,0.22,0.2121,0.51,0.2985,7.0,50,57,2023-03-26 04:01:44.335810
81,2011-01-04,spring,2011,Jan,12,0,Tue,Working_day,Clear,0.22,0.2273,0.51,0.1642,12.0,66,78,2023-03-26 04:01:44.335810
82,2011-01-04,spring,2011,Jan,13,0,Tue,Working_day,Clear,0.24,0.2273,0.56,0.194,18.0,79,97,2023-03-26 04:01:44.335810
83,2011-01-04,spring,2011,Jan,14,0,Tue,Working_day,Clear,0.26,0.2576,0.52,0.2239,9.0,54,63,2023-03-26 04:01:44.335810
84,2011-01-04,spring,2011,Jan,15,0,Tue,Working_day,Clear,0.28,0.2727,0.52,0.2537,17.0,48,65,2023-03-26 04:01:44.335810
85,2011-01-04,spring,2011,Jan,16,0,Tue,Working_day,Clear,0.3,0.2879,0.49,0.2537,15.0,68,83,2023-03-26 04:01:44.335810
86,2011-01-04,spring,2011,Jan,17,0,Tue,Working_day,Clear,0.28,0.2727,0.48,0.2239,10.0,202,212,2023-03-26 04:01:44.335810
87,2011-01-04,spring,2011,Jan,18,0,Tue,Working_day,Clear,0.26,0.2576,0.48,0.194,3.0,179,182,2023-03-26 04:01:44.335810
88,2011-01-04,spring,2011,Jan,19,0,Tue,Working_day,Clear,0.24,0.2576,0.48,0.1045,2.0,110,112,2023-03-26 04:01:44.335810
89,2011-01-04,spring,2011,Jan,20,0,Tue,Working_day,Clear,0.24,0.2576,0.48,0.1045,1.0,53,54,2023-03-26 04:01:44.335810
90,2011-01-04,spring,2011,Jan,21,0,Tue,Working_day,Clear,0.22,0.2727,0.64,0.0,0.0,48,48,2023-03-26 04:01:44.335810
91,2011-01-04,spring,2011,Jan,22,0,Tue,Working_day,Clear,0.22,0.2576,0.64,0.0896,1.0,34,35,2023-03-26 04:01:44.335810
92,2011-01-04,spring,2011,Jan,23,0,Tue,Working_day,Clear,0.2,0.2273,0.69,0.0896,2.0,9,11,2023-03-26 04:01:44.335810
93,2011-01-05,spring,2011,Jan,0,0,Wed,Working_day,Clear,0.2,0.2576,0.64,0.0,0.0,6,6,2023-03-26 04:01:44.335810
94,2011-01-05,spring,2011,Jan,1,0,Wed,Working_day,Clear,0.16,0.197,0.74,0.0896,0.0,6,6,2023-03-26 04:01:44.335810
95,2011-01-05,spring,2011,Jan,2,0,Wed,Working_day,Clear,0.16,0.197,0.74,0.0896,0.0,2,2,2023-03-26 04:01:44.335810
96,2011-01-05,spring,2011,Jan,4,0,Wed,Working_day,Clear,0.24,0.2273,0.48,0.2239,0.0,2,2,2023-03-26 04:01:44.335810
97,2011-01-05,spring,2011,Jan,5,0,Wed,Working_day,Clear,0.22,0.2273,0.47,0.1642,0.0,3,3,2023-03-26 04:01:44.335810
98,2011-01-05,spring,2011,Jan,6,0,Wed,Working_day,Clear,0.2,0.197,0.47,0.2239,0.0,33,33,2023-03-26 04:01:44.335810
99,2011-01-05,spring,2011,Jan,7,0,Wed,Working_day,Clear,0.18,0.1818,0.43,0.194,1.0,87,88,2023-03-26 04:01:44.335810
100,2011-01-05,spring,2011,Jan,8,0,Wed,Working_day,Clear,0.2,0.1818,0.4,0.2985,3.0,192,195,2023-03-26 04:01:44.335810
101,2011-01-05,spring,2011,Jan,9,0,Wed,Working_day,Clear,0.22,0.197,0.37,0.3284,6.0,109,115,2023-03-26 04:01:44.335810
102,2011-01-05,spring,2011,Jan,10,0,Wed,Working_day,Clear,0.22,0.197,0.37,0.3284,4.0,53,57,2023-03-26 04:01:44.335810
103,2011-01-05,spring,2011,Jan,11,0,Wed,Working_day,Clear,0.26,0.2273,0.33,0.3284,12.0,34,46,2023-03-26 04:01:44.335810
104,2011-01-05,spring,2011,Jan,12,0,Wed,Working_day,Clear,0.26,0.2273,0.33,0.3284,5.0,74,79,2023-03-26 04:01:44.335810
105,2011-01-05,spring,2011,Jan,13,0,Wed,Working_day,Clear,0.28,0.2576,0.3,0.2985,6.0,65,71,2023-03-26 04:01:44.335810
106,2011-01-05,spring,2011,Jan,14,0,Wed,Working_day,Clear,0.3,0.2879,0.28,0.194,10.0,52,62,2023-03-26 04:01:44.335810
107,2011-01-05,spring,2011,Jan,15,0,Wed,Working_day,Clear,0.3,0.2879,0.28,0.194,7.0,55,62,2023-03-26 04:01:44.335810
108,2011-01-05,spring,2011,Jan,16,0,Wed,Working_day,Clear,0.3,0.3182,0.28,0.0896,4.0,85,89,2023-03-26 04:01:44.335810
109,2011-01-05,spring,2011,Jan,17,0,Wed,Working_day,Clear,0.24,0.2273,0.38,0.194,4.0,186,190,2023-03-26 04:01:44.335810
110,2011-01-05,spring,2011,Jan,18,0,Wed,Working_day,Clear,0.24,0.2424,0.38,0.1343,3.0,166,169,2023-03-26 04:01:44.335810
111,2011-01-05,spring,2011,Jan,19,0,Wed,Working_day,Clear,0.24,0.2576,0.38,0.1045,5.0,127,132,2023-03-26 04:01:44.335810
112,2011-01-05,spring,2011,Jan,20,0,Wed,Working_day,Clear,0.22,0.2273,0.47,0.1642,7.0,82,89,2023-03-26 04:01:44.335810
113,2011-01-05,spring,2011,Jan,21,0,Wed,Working_day,Clear,0.2,0.197,0.51,0.194,3.0,40,43,2023-03-26 04:01:44.335810
114,2011-01-05,spring,2011,Jan,22,0,Wed,Working_day,Clear,0.18,0.197,0.55,0.1343,1.0,41,42,2023-03-26 04:01:44.335810
115,2011-01-05,spring,2011,Jan,23,0,Wed,Working_day,Clear,0.2,0.2576,0.47,0.0,1.0,18,19,2023-03-26 04:01:44.335810
116,2011-01-06,spring,2011,Jan,0,0,Thu,Working_day,Clear,0.18,0.2424,0.55,0.0,0.0,11,11,2023-03-26 04:01:44.335810
117,2011-01-06,spring,2011,Jan,1,0,Thu,Working_day,Clear,0.16,0.2273,0.64,0.0,0.0,4,4,2023-03-26 04:01:44.335810
118,2011-01-06,spring,2011,Jan,2,0,Thu,Working_day,Clear,0.16,0.2273,0.64,0.0,0.0,2,2,2023-03-26 04:01:44.335810
119,2011-01-06,spring,2011,Jan,4,0,Thu,Working_day,Mist,0.16,0.197,0.64,0.0896,0.0,1,1,2023-03-26 04:01:44.335810
120,2011-01-06,spring,2011,Jan,5,0,Thu,Working_day,Mist,0.14,0.1818,0.69,0.0896,0.0,4,4,2023-03-26 04:01:44.335810
121,2011-01-06,spring,2011,Jan,6,0,Thu,Working_day,Mist,0.14,0.1667,0.63,0.1045,0.0,36,36,2023-03-26 04:01:44.335810
122,2011-01-06,spring,2011,Jan,7,0,Thu,Working_day,Mist,0.16,0.2273,0.59,0.0,0.0,95,95,2023-03-26 04:01:44.335810
123,2011-01-06,spring,2011,Jan,8,0,Thu,Working_day,Clear,0.16,0.2273,0.59,0.0,3.0,216,219,2023-03-26 04:01:44.335810
124,2011-01-06,spring,2011,Jan,9,0,Thu,Working_day,Mist,0.18,0.2424,0.51,0.0,6.0,116,122,2023-03-26 04:01:44.335810
125,2011-01-06,spring,2011,Jan,10,0,Thu,Working_day,Clear,0.2,0.2576,0.47,0.0,3.0,42,45,2023-03-26 04:01:44.335810
126,2011-01-06,spring,2011,Jan,11,0,Thu,Working_day,Clear,0.22,0.2576,0.44,0.0896,2.0,57,59,2023-03-26 04:01:44.335810
127,2011-01-06,spring,2011,Jan,12,0,Thu,Working_day,Clear,0.26,0.2879,0.35,0.0,6.0,78,84,2023-03-26 04:01:44.335810
128,2011-01-06,spring,2011,Jan,13,0,Thu,Working_day,Clear,0.26,0.2727,0.35,0.1045,12.0,55,67,2023-03-26 04:01:44.335810
129,2011-01-06,spring,2011,Jan,14,0,Thu,Working_day,Clear,0.28,0.2727,0.36,0.1642,11.0,59,70,2023-03-26 04:01:44.335810
130,2011-01-06,spring,2011,Jan,15,0,Thu,Working_day,Clear,0.28,0.2727,0.36,0.0,8.0,54,62,2023-03-26 04:01:44.335810
131,2011-01-06,spring,2011,Jan,16,0,Thu,Working_day,Clear,0.26,0.2576,0.38,0.1642,12.0,74,86,2023-03-26 04:01:44.335810
132,2011-01-06,spring,2011,Jan,17,0,Thu,Working_day,Clear,0.22,0.2273,0.51,0.1642,9.0,163,172,2023-03-26 04:01:44.335810
133,2011-01-06,spring,2011,Jan,18,0,Thu,Working_day,Clear,0.22,0.2273,0.51,0.1343,5.0,158,163,2023-03-26 04:01:44.335810
134,2011-01-06,spring,2011,Jan,19,0,Thu,Working_day,Clear,0.22,0.2576,0.55,0.0896,3.0,109,112,2023-03-26 04:01:44.335810
135,2011-01-06,spring,2011,Jan,20,0,Thu,Working_day,Clear,0.2,0.2121,0.51,0.1642,3.0,66,69,2023-03-26 04:01:44.335810
136,2011-01-06,spring,2011,Jan,21,0,Thu,Working_day,Mist,0.22,0.2121,0.55,0.2239,0.0,48,48,2023-03-26 04:01:44.335810
137,2011-01-06,spring,2011,Jan,22,0,Thu,Working_day,Mist,0.22,0.2121,0.51,0.2836,1.0,51,52,2023-03-26 04:01:44.335810
138,2011-01-06,spring,2011,Jan,23,0,Thu,Working_day,Mist,0.2,0.197,0.59,0.194,4.0,19,23,2023-03-26 04:01:44.335810
139,2011-01-07,spring,2011,Jan,0,0,Fri,Working_day,Mist,0.2,0.197,0.64,0.194,4.0,13,17,2023-03-26 04:01:44.335810
140,2011-01-07,spring,2011,Jan,1,0,Fri,Working_day,Mist,0.2,0.197,0.69,0.2239,2.0,5,7,2023-03-26 04:01:44.335810
141,2011-01-07,spring,2011,Jan,2,0,Fri,Working_day,Mist,0.2,0.197,0.69,0.2239,0.0,1,1,2023-03-26 04:01:44.335810
142,2011-01-07,spring,2011,Jan,4,0,Fri,Working_day,Mist,0.2,0.2121,0.69,0.1343,0.0,1,1,2023-03-26 04:01:44.335810
143,2011-01-07,spring,2011,Jan,5,0,Fri,Working_day,Light Snow,0.22,0.2727,0.55,0.0,0.0,5,5,2023-03-26 04:01:44.335810
144,2011-01-07,spring,2011,Jan,6,0,Fri,Working_day,Mist,0.2,0.2576,0.69,0.0,8.0,26,34,2023-03-26 04:01:44.335810
145,2011-01-07,spring,2011,Jan,7,0,Fri,Working_day,Clear,0.2,0.2121,0.69,0.1343,8.0,76,84,2023-03-26 04:01:44.335810
146,2011-01-07,spring,2011,Jan,8,0,Fri,Working_day,Clear,0.2,0.197,0.51,0.2537,20.0,190,210,2023-03-26 04:01:44.335810
147,2011-01-07,spring,2011,Jan,9,0,Fri,Working_day,Clear,0.2,0.1818,0.47,0.2985,9.0,125,134,2023-03-26 04:01:44.335810
148,2011-01-07,spring,2011,Jan,10,0,Fri,Working_day,Clear,0.22,0.197,0.37,0.3284,16.0,47,63,2023-03-26 04:01:44.335810
149,2011-01-07,spring,2011,Jan,11,0,Fri,Working_day,Mist,0.2,0.197,0.4,0.2239,19.0,48,67,2023-03-26 04:01:44.335810
150,2011-01-07,spring,2011,Jan,12,0,Fri,Working_day,Mist,0.2,0.197,0.37,0.2537,9.0,50,59,2023-03-26 04:01:44.335810
151,2011-01-07,spring,2011,Jan,13,0,Fri,Working_day,Mist,0.2,0.1818,0.37,0.2836,9.0,64,73,2023-03-26 04:01:44.335810
152,2011-01-07,spring,2011,Jan,14,0,Fri,Working_day,Mist,0.2,0.197,0.4,0.2537,7.0,43,50,2023-03-26 04:01:44.335810
153,2011-01-07,spring,2011,Jan,15,0,Fri,Working_day,Mist,0.2,0.2121,0.37,0.1642,9.0,63,72,2023-03-26 04:01:44.335810
154,2011-01-07,spring,2011,Jan,16,0,Fri,Working_day,Mist,0.2,0.2121,0.37,0.1642,5.0,82,87,2023-03-26 04:01:44.335810
155,2011-01-07,spring,2011,Jan,17,0,Fri,Working_day,Mist,0.2,0.2576,0.37,0.0,9.0,178,187,2023-03-26 04:01:44.335810
156,2011-01-07,spring,2011,Jan,18,0,Fri,Working_day,Clear,0.2,0.2273,0.4,0.0896,7.0,116,123,2023-03-26 04:01:44.335810
157,2011-01-07,spring,2011,Jan,19,0,Fri,Working_day,Clear,0.16,0.197,0.55,0.0896,3.0,92,95,2023-03-26 04:01:44.335810
158,2011-01-07,spring,2011,Jan,20,0,Fri,Working_day,Clear,0.18,0.2121,0.47,0.1045,1.0,50,51,2023-03-26 04:01:44.335810
159,2011-01-07,spring,2011,Jan,21,0,Fri,Working_day,Clear,0.18,0.197,0.47,0.1343,0.0,39,39,2023-03-26 04:01:44.335810
160,2011-01-07,spring,2011,Jan,22,0,Fri,Working_day,Mist,0.18,0.197,0.43,0.1642,2.0,34,36,2023-03-26 04:01:44.335810
161,2011-01-07,spring,2011,Jan,23,0,Fri,Working_day,Mist,0.18,0.197,0.51,0.1642,1.0,14,15,2023-03-26 04:01:44.335810
162,2011-01-08,spring,2011,Jan,0,0,Sat,Holyday,Mist,0.18,0.197,0.51,0.1642,1.0,24,25,2023-03-26 04:01:44.335810
163,2011-01-08,spring,2011,Jan,1,0,Sat,Holyday,Mist,0.18,0.2121,0.55,0.0896,1.0,15,16,2023-03-26 04:01:44.335810
164,2011-01-08,spring,2011,Jan,2,0,Sat,Holyday,Mist,0.18,0.2424,0.55,0.0,3.0,13,16,2023-03-26 04:01:44.335810
165,2011-01-08,spring,2011,Jan,3,0,Sat,Holyday,Light Snow,0.18,0.197,0.55,0.1642,0.0,7,7,2023-03-26 04:01:44.335810
166,2011-01-08,spring,2011,Jan,4,0,Sat,Holyday,Light Snow,0.18,0.197,0.55,0.1642,0.0,1,1,2023-03-26 04:01:44.335810
167,2011-01-08,spring,2011,Jan,5,0,Sat,Holyday,Mist,0.16,0.1667,0.74,0.1642,0.0,5,5,2023-03-26 04:01:44.335810
168,2011-01-08,spring,2011,Jan,6,0,Sat,Holyday,Mist,0.16,0.1667,0.74,0.1642,0.0,2,2,2023-03-26 04:01:44.335810
169,2011-01-08,spring,2011,Jan,7,0,Sat,Holyday,Mist,0.16,0.1818,0.74,0.1045,1.0,8,9,2023-03-26 04:01:44.335810
170,2011-01-08,spring,2011,Jan,8,0,Sat,Holyday,Light Snow,0.16,0.1818,0.93,0.1045,0.0,15,15,2023-03-26 04:01:44.335810
171,2011-01-08,spring,2011,Jan,9,0,Sat,Holyday,Light Snow,0.16,0.1818,0.93,0.1045,0.0,20,20,2023-03-26 04:01:44.335810
172,2011-01-08,spring,2011,Jan,10,0,Sat,Holyday,Mist,0.18,0.197,0.8,0.1642,5.0,56,61,2023-03-26 04:01:44.335810
174,2011-01-08,spring,2011,Jan,12,0,Sat,Holyday,Mist,0.2,0.1818,0.59,0.3582,8.0,90,98,2023-03-26 04:01:44.335810
175,2011-01-08,spring,2011,Jan,13,0,Sat,Holyday,Clear,0.2,0.1818,0.44,0.3284,7.0,95,102,2023-03-26 04:01:44.335810
176,2011-01-08,spring,2011,Jan,14,0,Sat,Holyday,Clear,0.2,0.1667,0.32,0.4925,12.0,83,95,2023-03-26 04:01:44.335810
177,2011-01-08,spring,2011,Jan,15,0,Sat,Holyday,Clear,0.2,0.1667,0.32,0.4478,5.0,69,74,2023-03-26 04:01:44.335810
178,2011-01-08,spring,2011,Jan,16,0,Sat,Holyday,Clear,0.18,0.1364,0.29,0.4478,8.0,68,76,2023-03-26 04:01:44.335810
179,2011-01-08,spring,2011,Jan,17,0,Sat,Holyday,Clear,0.16,0.1212,0.37,0.5522,5.0,64,69,2023-03-26 04:01:44.335810
180,2011-01-08,spring,2011,Jan,18,0,Sat,Holyday,Clear,0.14,0.1212,0.39,0.2985,3.0,52,55,2023-03-26 04:01:44.335810
181,2011-01-08,spring,2011,Jan,19,0,Sat,Holyday,Clear,0.14,0.1212,0.36,0.2537,4.0,26,30,2023-03-26 04:01:44.335810
182,2011-01-08,spring,2011,Jan,20,0,Sat,Holyday,Clear,0.12,0.1212,0.36,0.2537,0.0,28,28,2023-03-26 04:01:44.335810
183,2011-01-08,spring,2011,Jan,21,0,Sat,Holyday,Clear,0.12,0.1061,0.39,0.3582,2.0,35,37,2023-03-26 04:01:44.335810
184,2011-01-08,spring,2011,Jan,22,0,Sat,Holyday,Clear,0.12,0.1061,0.36,0.3881,1.0,33,34,2023-03-26 04:01:44.335810
185,2011-01-08,spring,2011,Jan,23,0,Sat,Holyday,Clear,0.1,0.0606,0.39,0.4478,0.0,22,22,2023-03-26 04:01:44.335810
186,2011-01-09,spring,2011,Jan,0,0,Sun,Holyday,Clear,0.1,0.0758,0.42,0.3881,1.0,24,25,2023-03-26 04:01:44.335810
187,2011-01-09,spring,2011,Jan,1,0,Sun,Holyday,Clear,0.1,0.0606,0.42,0.4627,0.0,12,12,2023-03-26 04:01:44.335810
188,2011-01-09,spring,2011,Jan,2,0,Sun,Holyday,Clear,0.1,0.0606,0.46,0.4627,0.0,11,11,2023-03-26 04:01:44.335810
189,2011-01-09,spring,2011,Jan,3,0,Sun,Holyday,Clear,0.1,0.0758,0.46,0.4179,0.0,4,4,2023-03-26 04:01:44.335810
190,2011-01-09,spring,2011,Jan,4,0,Sun,Holyday,Clear,0.08,0.0909,0.53,0.194,0.0,1,1,2023-03-26 04:01:44.335810
191,2011-01-09,spring,2011,Jan,5,0,Sun,Holyday,Clear,0.08,0.0909,0.53,0.194,0.0,1,1,2023-03-26 04:01:44.335810
192,2011-01-09,spring,2011,Jan,6,0,Sun,Holyday,Clear,0.1,0.0909,0.49,0.2836,0.0,1,1,2023-03-26 04:01:44.335810
193,2011-01-09,spring,2011,Jan,7,0,Sun,Holyday,Clear,0.08,0.0909,0.53,0.194,1.0,5,6,2023-03-26 04:01:44.335810
194,2011-01-09,spring,2011,Jan,8,0,Sun,Holyday,Clear,0.1,0.0909,0.49,0.2836,0.0,10,10,2023-03-26 04:01:44.335810
195,2011-01-09,spring,2011,Jan,9,0,Sun,Holyday,Clear,0.12,0.0758,0.46,0.5224,0.0,19,19,2023-03-26 04:01:44.335810
196,2011-01-09,spring,2011,Jan,10,0,Sun,Holyday,Clear,0.14,0.1061,0.43,0.3881,0.0,49,49,2023-03-26 04:01:44.335810
197,2011-01-09,spring,2011,Jan,11,0,Sun,Holyday,Clear,0.16,0.1212,0.4,0.5224,2.0,47,49,2023-03-26 04:01:44.335810
198,2011-01-09,spring,2011,Jan,12,0,Sun,Holyday,Clear,0.18,0.1364,0.37,0.4478,4.0,79,83,2023-03-26 04:01:44.335810
199,2011-01-09,spring,2011,Jan,13,0,Sun,Holyday,Clear,0.2,0.1667,0.34,0.4478,6.0,69,75,2023-03-26 04:01:44.335810
200,2011-01-09,spring,2011,Jan,14,0,Sun,Holyday,Clear,0.22,0.1818,0.32,0.4627,8.0,64,72,2023-03-26 04:01:44.335810
201,2011-01-09,spring,2011,Jan,15,0,Sun,Holyday,Clear,0.22,0.197,0.35,0.3582,5.0,77,82,2023-03-26 04:01:44.335810
202,2011-01-09,spring,2011,Jan,16,0,Sun,Holyday,Clear,0.2,0.1667,0.34,0.4478,13.0,79,92,2023-03-26 04:01:44.335810
203,2011-01-09,spring,2011,Jan,17,0,Sun,Holyday,Clear,0.18,0.1515,0.37,0.3881,3.0,59,62,2023-03-26 04:01:44.335810
204,2011-01-09,spring,2011,Jan,18,0,Sun,Holyday,Clear,0.16,0.1364,0.4,0.3284,4.0,44,48,2023-03-26 04:01:44.335810
205,2011-01-09,spring,2011,Jan,19,0,Sun,Holyday,Clear,0.16,0.1364,0.43,0.3284,1.0,40,41,2023-03-26 04:01:44.335810
206,2011-01-09,spring,2011,Jan,20,0,Sun,Holyday,Clear,0.14,0.1212,0.46,0.2537,0.0,38,38,2023-03-26 04:01:44.335810
207,2011-01-09,spring,2011,Jan,21,0,Sun,Holyday,Clear,0.14,0.1061,0.46,0.4179,1.0,19,20,2023-03-26 04:01:44.335810
208,2011-01-09,spring,2011,Jan,22,0,Sun,Holyday,Clear,0.14,0.1212,0.46,0.2985,5.0,10,15,2023-03-26 04:01:44.335810
209,2011-01-09,spring,2011,Jan,23,0,Sun,Holyday,Clear,0.12,0.1364,0.5,0.194,0.0,6,6,2023-03-26 04:01:44.335810
210,2011-01-10,spring,2011,Jan,0,0,Mon,Working_day,Clear,0.12,0.1212,0.5,0.2836,2.0,3,5,2023-03-26 04:01:44.335810
211,2011-01-10,spring,2011,Jan,1,0,Mon,Working_day,Clear,0.12,0.1212,0.5,0.2836,1.0,0,1,2023-03-26 04:01:44.335810
212,2011-01-10,spring,2011,Jan,2,0,Mon,Working_day,Clear,0.12,0.1212,0.5,0.2239,0.0,3,3,2023-03-26 04:01:44.335810
213,2011-01-10,spring,2011,Jan,3,0,Mon,Working_day,Clear,0.12,0.1212,0.5,0.2239,0.0,1,1,2023-03-26 04:01:44.335810
214,2011-01-10,spring,2011,Jan,4,0,Mon,Working_day,Clear,0.1,0.1212,0.54,0.1343,1.0,2,3,2023-03-26 04:01:44.335810
215,2011-01-10,spring,2011,Jan,5,0,Mon,Working_day,Clear,0.1,0.1061,0.54,0.2537,0.0,3,3,2023-03-26 04:01:44.335810
216,2011-01-10,spring,2011,Jan,6,0,Mon,Working_day,Clear,0.12,0.1212,0.5,0.2836,0.0,31,31,2023-03-26 04:01:44.335810
217,2011-01-10,spring,2011,Jan,7,0,Mon,Working_day,Clear,0.12,0.1212,0.5,0.2239,2.0,75,77,2023-03-26 04:01:44.335810
218,2011-01-10,spring,2011,Jan,8,0,Mon,Working_day,Mist,0.12,0.1212,0.5,0.2836,4.0,184,188,2023-03-26 04:01:44.335810
219,2011-01-10,spring,2011,Jan,9,0,Mon,Working_day,Mist,0.14,0.1212,0.5,0.2537,2.0,92,94,2023-03-26 04:01:44.335810
220,2011-01-10,spring,2011,Jan,10,0,Mon,Working_day,Mist,0.14,0.1212,0.5,0.2985,0.0,31,31,2023-03-26 04:01:44.335810
221,2011-01-10,spring,2011,Jan,11,0,Mon,Working_day,Mist,0.16,0.1364,0.47,0.2836,2.0,28,30,2023-03-26 04:01:44.335810
222,2011-01-10,spring,2011,Jan,12,0,Mon,Working_day,Mist,0.2,0.1818,0.4,0.2836,5.0,47,52,2023-03-26 04:01:44.335810
223,2011-01-10,spring,2011,Jan,13,0,Mon,Working_day,Mist,0.2,0.1818,0.4,0.2836,4.0,50,54,2023-03-26 04:01:44.335810
224,2011-01-10,spring,2011,Jan,14,0,Mon,Working_day,Mist,0.2,0.197,0.4,0.2239,0.0,47,47,2023-03-26 04:01:44.335810
225,2011-01-10,spring,2011,Jan,15,0,Mon,Working_day,Mist,0.2,0.197,0.4,0.2239,2.0,43,45,2023-03-26 04:01:44.335810
226,2011-01-10,spring,2011,Jan,16,0,Mon,Working_day,Clear,0.2,0.2121,0.4,0.1343,4.0,70,74,2023-03-26 04:01:44.335810
227,2011-01-10,spring,2011,Jan,17,0,Mon,Working_day,Clear,0.2,0.2273,0.4,0.1045,4.0,174,178,2023-03-26 04:01:44.335810
228,2011-01-10,spring,2011,Jan,18,0,Mon,Working_day,Clear,0.2,0.197,0.4,0.2239,1.0,154,155,2023-03-26 04:01:44.335810
229,2011-01-10,spring,2011,Jan,19,0,Mon,Working_day,Clear,0.16,0.1667,0.47,0.1642,3.0,92,95,2023-03-26 04:01:44.335810
230,2011-01-10,spring,2011,Jan,20,0,Mon,Working_day,Clear,0.16,0.1667,0.5,0.1642,1.0,73,74,2023-03-26 04:01:44.335810
231,2011-01-10,spring,2011,Jan,21,0,Mon,Working_day,Clear,0.14,0.1364,0.59,0.194,1.0,37,38,2023-03-26 04:01:44.335810
232,2011-01-10,spring,2011,Jan,22,0,Mon,Working_day,Clear,0.14,0.1515,0.59,0.1642,2.0,22,24,2023-03-26 04:01:44.335810
233,2011-01-10,spring,2011,Jan,23,0,Mon,Working_day,Clear,0.14,0.1515,0.59,0.1642,0.0,18,18,2023-03-26 04:01:44.335810
234,2011-01-11,spring,2011,Jan,0,0,Tue,Working_day,Clear,0.14,0.1667,0.59,0.1045,2.0,10,12,2023-03-26 04:01:44.335810
235,2011-01-11,spring,2011,Jan,1,0,Tue,Working_day,Clear,0.14,0.1515,0.59,0.1642,0.0,3,3,2023-03-26 04:01:44.335810
236,2011-01-11,spring,2011,Jan,2,0,Tue,Working_day,Mist,0.16,0.1515,0.55,0.194,0.0,3,3,2023-03-26 04:01:44.335810
237,2011-01-11,spring,2011,Jan,5,0,Tue,Working_day,Mist,0.16,0.1818,0.55,0.1343,0.0,6,6,2023-03-26 04:01:44.335810
238,2011-01-11,spring,2011,Jan,6,0,Tue,Working_day,Mist,0.16,0.1818,0.55,0.1343,0.0,27,27,2023-03-26 04:01:44.335810
239,2011-01-11,spring,2011,Jan,7,0,Tue,Working_day,Mist,0.16,0.2273,0.55,0.0,2.0,97,99,2023-03-26 04:01:44.335810
240,2011-01-11,spring,2011,Jan,8,0,Tue,Working_day,Mist,0.18,0.2121,0.51,0.0896,3.0,214,217,2023-03-26 04:01:44.335810
241,2011-01-11,spring,2011,Jan,9,0,Tue,Working_day,Mist,0.18,0.197,0.51,0.1642,3.0,127,130,2023-03-26 04:01:44.335810
242,2011-01-11,spring,2011,Jan,10,0,Tue,Working_day,Mist,0.2,0.2121,0.51,0.1642,3.0,51,54,2023-03-26 04:01:44.335810
243,2011-01-11,spring,2011,Jan,11,0,Tue,Working_day,Mist,0.2,0.2121,0.47,0.1343,4.0,31,35,2023-03-26 04:01:44.335810
244,2011-01-11,spring,2011,Jan,12,0,Tue,Working_day,Mist,0.2,0.2273,0.51,0.1045,2.0,55,57,2023-03-26 04:01:44.335810
245,2011-01-11,spring,2011,Jan,13,0,Tue,Working_day,Mist,0.2,0.2273,0.59,0.0896,6.0,46,52,2023-03-26 04:01:44.335810
246,2011-01-11,spring,2011,Jan,14,0,Tue,Working_day,Mist,0.2,0.2273,0.59,0.0896,3.0,60,63,2023-03-26 04:01:44.335810
247,2011-01-11,spring,2011,Jan,15,0,Tue,Working_day,Mist,0.16,0.197,0.8,0.0896,2.0,45,47,2023-03-26 04:01:44.335810
248,2011-01-11,spring,2011,Jan,16,0,Tue,Working_day,Mist,0.16,0.1515,0.86,0.2239,4.0,72,76,2023-03-26 04:01:44.335810
249,2011-01-11,spring,2011,Jan,17,0,Tue,Working_day,Mist,0.16,0.1515,0.86,0.2239,6.0,130,136,2023-03-26 04:01:44.335810
250,2011-01-11,spring,2011,Jan,18,0,Tue,Working_day,Light Snow,0.16,0.1818,0.93,0.1045,1.0,94,95,2023-03-26 04:01:44.335810
251,2011-01-11,spring,2011,Jan,19,0,Tue,Working_day,Light Snow,0.16,0.2273,0.93,0.0,0.0,51,51,2023-03-26 04:01:44.335810
252,2011-01-11,spring,2011,Jan,20,0,Tue,Working_day,Light Snow,0.16,0.1515,0.93,0.194,0.0,32,32,2023-03-26 04:01:44.335810
253,2011-01-11,spring,2011,Jan,21,0,Tue,Working_day,Light Snow,0.16,0.197,0.86,0.0896,0.0,20,20,2023-03-26 04:01:44.335810
254,2011-01-11,spring,2011,Jan,22,0,Tue,Working_day,Light Snow,0.16,0.1818,0.93,0.1045,1.0,28,29,2023-03-26 04:01:44.335810
255,2011-01-11,spring,2011,Jan,23,0,Tue,Working_day,Light Snow,0.16,0.197,0.93,0.0896,1.0,18,19,2023-03-26 04:01:44.335810
256,2011-01-12,spring,2011,Jan,0,0,Wed,Working_day,Mist,0.16,0.197,0.86,0.0896,0.0,7,7,2023-03-26 04:01:44.335810
257,2011-01-12,spring,2011,Jan,1,0,Wed,Working_day,Mist,0.16,0.1818,0.86,0.1045,0.0,6,6,2023-03-26 04:01:44.335810
258,2011-01-12,spring,2011,Jan,2,0,Wed,Working_day,Clear,0.14,0.1515,0.86,0.1343,0.0,1,1,2023-03-26 04:01:44.335810
259,2011-01-12,spring,2011,Jan,5,0,Wed,Working_day,Clear,0.14,0.1515,0.86,0.1642,0.0,5,5,2023-03-26 04:01:44.335810
260,2011-01-12,spring,2011,Jan,6,0,Wed,Working_day,Clear,0.12,0.1515,0.93,0.1343,0.0,16,16,2023-03-26 04:01:44.335810
261,2011-01-12,spring,2011,Jan,7,0,Wed,Working_day,Clear,0.14,0.1515,0.69,0.1343,0.0,54,54,2023-03-26 04:01:44.335810
262,2011-01-12,spring,2011,Jan,8,0,Wed,Working_day,Clear,0.16,0.1667,0.59,0.1642,3.0,125,128,2023-03-26 04:01:44.335810
263,2011-01-12,spring,2011,Jan,9,0,Wed,Working_day,Clear,0.16,0.1364,0.59,0.3284,3.0,78,81,2023-03-26 04:01:44.335810
264,2011-01-12,spring,2011,Jan,10,0,Wed,Working_day,Clear,0.18,0.1818,0.55,0.2239,0.0,39,39,2023-03-26 04:01:44.335810
265,2011-01-12,spring,2011,Jan,11,0,Wed,Working_day,Clear,0.2,0.1818,0.51,0.3881,3.0,32,35,2023-03-26 04:01:44.335810
266,2011-01-12,spring,2011,Jan,12,0,Wed,Working_day,Clear,0.2,0.1515,0.47,0.5821,3.0,52,55,2023-03-26 04:01:44.335810
267,2011-01-12,spring,2011,Jan,13,0,Wed,Working_day,Clear,0.22,0.197,0.44,0.3582,0.0,49,49,2023-03-26 04:01:44.335810
268,2011-01-12,spring,2011,Jan,14,0,Wed,Working_day,Clear,0.2,0.1818,0.47,0.3284,0.0,44,44,2023-03-26 04:01:44.335810
269,2011-01-12,spring,2011,Jan,15,0,Wed,Working_day,Clear,0.2,0.1667,0.47,0.4179,1.0,48,49,2023-03-26 04:01:44.335810
270,2011-01-12,spring,2011,Jan,16,0,Wed,Working_day,Clear,0.22,0.197,0.44,0.3284,5.0,63,68,2023-03-26 04:01:44.335810
271,2011-01-12,spring,2011,Jan,17,0,Wed,Working_day,Clear,0.2,0.1818,0.47,0.3582,0.0,139,139,2023-03-26 04:01:44.335810
272,2011-01-12,spring,2011,Jan,18,0,Wed,Working_day,Clear,0.2,0.1515,0.47,0.5224,2.0,135,137,2023-03-26 04:01:44.335810
273,2011-01-12,spring,2011,Jan,19,0,Wed,Working_day,Clear,0.18,0.1515,0.47,0.4179,1.0,82,83,2023-03-26 04:01:44.335810
274,2011-01-12,spring,2011,Jan,20,0,Wed,Working_day,Clear,0.16,0.1364,0.5,0.3284,2.0,54,56,2023-03-26 04:01:44.335810
275,2011-01-12,spring,2011,Jan,21,0,Wed,Working_day,Clear,0.16,0.1364,0.55,0.3284,0.0,57,57,2023-03-26 04:01:44.335810
276,2011-01-12,spring,2011,Jan,22,0,Wed,Working_day,Clear,0.16,0.1212,0.55,0.4478,1.0,32,33,2023-03-26 04:01:44.335810
277,2011-01-12,spring,2011,Jan,23,0,Wed,Working_day,Clear,0.14,0.1061,0.59,0.4179,1.0,19,20,2023-03-26 04:01:44.335810
278,2011-01-13,spring,2011,Jan,0,0,Thu,Working_day,Clear,0.14,0.1212,0.59,0.2836,1.0,6,7,2023-03-26 04:01:44.335810
279,2011-01-13,spring,2011,Jan,1,0,Thu,Working_day,Clear,0.14,0.1212,0.5,0.2836,0.0,2,2,2023-03-26 04:01:44.335810
280,2011-01-13,spring,2011,Jan,2,0,Thu,Working_day,Clear,0.14,0.1212,0.5,0.3582,0.0,2,2,2023-03-26 04:01:44.335810
281,2011-01-13,spring,2011,Jan,3,0,Thu,Working_day,Clear,0.14,0.1212,0.5,0.3284,0.0,3,3,2023-03-26 04:01:44.335810
282,2011-01-13,spring,2011,Jan,4,0,Thu,Working_day,Clear,0.14,0.1212,0.5,0.2537,0.0,4,4,2023-03-26 04:01:44.335810
283,2011-01-13,spring,2011,Jan,5,0,Thu,Working_day,Clear,0.14,0.1212,0.5,0.2985,0.0,3,3,2023-03-26 04:01:44.335810
284,2011-01-13,spring,2011,Jan,6,0,Thu,Working_day,Clear,0.12,0.1515,0.54,0.1343,0.0,28,28,2023-03-26 04:01:44.335810
285,2011-01-13,spring,2011,Jan,7,0,Thu,Working_day,Clear,0.12,0.1515,0.54,0.1343,0.0,72,72,2023-03-26 04:01:44.335810
286,2011-01-13,spring,2011,Jan,8,0,Thu,Working_day,Clear,0.14,0.1364,0.5,0.194,5.0,197,202,2023-03-26 04:01:44.335810
287,2011-01-13,spring,2011,Jan,9,0,Thu,Working_day,Clear,0.14,0.1212,0.5,0.3284,2.0,137,139,2023-03-26 04:01:44.335810
288,2011-01-13,spring,2011,Jan,10,0,Thu,Working_day,Mist,0.16,0.1364,0.5,0.3582,2.0,36,38,2023-03-26 04:01:44.335810
289,2011-01-13,spring,2011,Jan,11,0,Thu,Working_day,Mist,0.2,0.1667,0.44,0.4478,4.0,33,37,2023-03-26 04:01:44.335810
290,2011-01-13,spring,2011,Jan,12,0,Thu,Working_day,Clear,0.2,0.1667,0.44,0.4179,3.0,49,52,2023-03-26 04:01:44.335810
291,2011-01-13,spring,2011,Jan,13,0,Thu,Working_day,Clear,0.22,0.197,0.41,0.4478,2.0,81,83,2023-03-26 04:01:44.335810
292,2011-01-13,spring,2011,Jan,14,0,Thu,Working_day,Clear,0.22,0.197,0.41,0.3881,3.0,39,42,2023-03-26 04:01:44.335810
293,2011-01-13,spring,2011,Jan,15,0,Thu,Working_day,Clear,0.24,0.2121,0.38,0.2985,5.0,55,60,2023-03-26 04:01:44.335810
294,2011-01-13,spring,2011,Jan,16,0,Thu,Working_day,Clear,0.24,0.2121,0.38,0.3582,2.0,76,78,2023-03-26 04:01:44.335810
295,2011-01-13,spring,2011,Jan,17,0,Thu,Working_day,Clear,0.2,0.1818,0.4,0.2836,4.0,158,162,2023-03-26 04:01:44.335810
296,2011-01-13,spring,2011,Jan,18,0,Thu,Working_day,Clear,0.2,0.1818,0.4,0.3284,3.0,141,144,2023-03-26 04:01:44.335810
297,2011-01-13,spring,2011,Jan,19,0,Thu,Working_day,Clear,0.16,0.1515,0.47,0.2537,1.0,98,99,2023-03-26 04:01:44.335810
298,2011-01-13,spring,2011,Jan,20,0,Thu,Working_day,Clear,0.16,0.1515,0.47,0.2239,0.0,64,64,2023-03-26 04:01:44.335810
299,2011-01-13,spring,2011,Jan,21,0,Thu,Working_day,Clear,0.14,0.1212,0.46,0.2985,0.0,40,40,2023-03-26 04:01:44.335810
300,2011-01-13,spring,2011,Jan,22,0,Thu,Working_day,Clear,0.14,0.1212,0.46,0.3284,0.0,30,30,2023-03-26 04:01:44.335810
301,2011-01-13,spring,2011,Jan,23,0,Thu,Working_day,Clear,0.12,0.1364,0.5,0.194,1.0,14,15,2023-03-26 04:01:44.335810
302,2011-01-14,spring,2011,Jan,0,0,Fri,Working_day,Clear,0.12,0.1364,0.5,0.194,0.0,14,14,2023-03-26 04:01:44.335810
303,2011-01-14,spring,2011,Jan,1,0,Fri,Working_day,Clear,0.1,0.1212,0.54,0.1642,0.0,5,5,2023-03-26 04:01:44.335810
304,2011-01-14,spring,2011,Jan,2,0,Fri,Working_day,Clear,0.1,0.1212,0.54,0.1343,0.0,1,1,2023-03-26 04:01:44.335810
305,2011-01-14,spring,2011,Jan,3,0,Fri,Working_day,Clear,0.1,0.1364,0.54,0.1045,0.0,1,1,2023-03-26 04:01:44.335810
306,2011-01-14,spring,2011,Jan,5,0,Fri,Working_day,Clear,0.1,0.1364,0.54,0.0896,0.0,8,8,2023-03-26 04:01:44.335810
307,2011-01-14,spring,2011,Jan,6,0,Fri,Working_day,Clear,0.1,0.1818,0.54,0.0,0.0,17,17,2023-03-26 04:01:44.335810
308,2011-01-14,spring,2011,Jan,7,0,Fri,Working_day,Clear,0.1,0.1212,0.74,0.1642,0.0,70,70,2023-03-26 04:01:44.335810
309,2011-01-14,spring,2011,Jan,8,0,Fri,Working_day,Clear,0.12,0.1667,0.68,0.0,2.0,156,158,2023-03-26 04:01:44.335810
310,2011-01-14,spring,2011,Jan,9,0,Fri,Working_day,Clear,0.14,0.1515,0.69,0.1343,0.0,117,117,2023-03-26 04:01:44.335810
311,2011-01-14,spring,2011,Jan,10,0,Fri,Working_day,Clear,0.18,0.1818,0.55,0.194,4.0,40,44,2023-03-26 04:01:44.335810
312,2011-01-14,spring,2011,Jan,11,0,Fri,Working_day,Clear,0.18,0.1667,0.51,0.2836,6.0,47,53,2023-03-26 04:01:44.335810
313,2011-01-14,spring,2011,Jan,12,0,Fri,Working_day,Clear,0.2,0.197,0.44,0.2537,2.0,59,61,2023-03-26 04:01:44.335810
314,2011-01-14,spring,2011,Jan,13,0,Fri,Working_day,Clear,0.22,0.197,0.37,0.3881,4.0,73,77,2023-03-26 04:01:44.335810
315,2011-01-14,spring,2011,Jan,14,0,Fri,Working_day,Clear,0.22,0.2121,0.41,0.2836,5.0,59,64,2023-03-26 04:01:44.335810
316,2011-01-14,spring,2011,Jan,15,0,Fri,Working_day,Clear,0.24,0.2424,0.38,0.1642,9.0,59,68,2023-03-26 04:01:44.335810
317,2011-01-14,spring,2011,Jan,16,0,Fri,Working_day,Clear,0.22,0.2424,0.41,0.1045,3.0,87,90,2023-03-26 04:01:44.335810
318,2011-01-14,spring,2011,Jan,17,0,Fri,Working_day,Clear,0.22,0.2273,0.41,0.1642,4.0,155,159,2023-03-26 04:01:44.335810
319,2011-01-14,spring,2011,Jan,18,0,Fri,Working_day,Clear,0.2,0.2576,0.47,0.0,5.0,134,139,2023-03-26 04:01:44.335810
320,2011-01-14,spring,2011,Jan,19,0,Fri,Working_day,Clear,0.16,0.197,0.59,0.0896,3.0,89,92,2023-03-26 04:01:44.335810
321,2011-01-14,spring,2011,Jan,20,0,Fri,Working_day,Clear,0.18,0.2424,0.59,0.0,0.0,68,68,2023-03-26 04:01:44.335810
322,2011-01-14,spring,2011,Jan,21,0,Fri,Working_day,Clear,0.16,0.2273,0.69,0.0,4.0,48,52,2023-03-26 04:01:44.335810
323,2011-01-14,spring,2011,Jan,22,0,Fri,Working_day,Mist,0.16,0.2273,0.69,0.0,2.0,34,36,2023-03-26 04:01:44.335810
324,2011-01-14,spring,2011,Jan,23,0,Fri,Working_day,Mist,0.18,0.2424,0.55,0.0,1.0,26,27,2023-03-26 04:01:44.335810
325,2011-01-15,spring,2011,Jan,0,0,Sat,Holyday,Clear,0.18,0.2424,0.55,0.0,3.0,25,28,2023-03-26 04:01:44.335810
326,2011-01-15,spring,2011,Jan,1,0,Sat,Holyday,Mist,0.16,0.197,0.59,0.0896,2.0,18,20,2023-03-26 04:01:44.335810
327,2011-01-15,spring,2011,Jan,2,0,Sat,Holyday,Mist,0.16,0.197,0.59,0.0896,0.0,12,12,2023-03-26 04:01:44.335810
328,2011-01-15,spring,2011,Jan,3,0,Sat,Holyday,Mist,0.16,0.2273,0.59,0.0,1.0,7,8,2023-03-26 04:01:44.335810
329,2011-01-15,spring,2011,Jan,4,0,Sat,Holyday,Mist,0.16,0.2273,0.59,0.0,0.0,5,5,2023-03-26 04:01:44.335810
330,2011-01-15,spring,2011,Jan,5,0,Sat,Holyday,Clear,0.16,0.2273,0.59,0.0,0.0,1,1,2023-03-26 04:01:44.335810
331,2011-01-15,spring,2011,Jan,6,0,Sat,Holyday,Clear,0.14,0.1667,0.63,0.1045,1.0,2,3,2023-03-26 04:01:44.335810
332,2011-01-15,spring,2011,Jan,7,0,Sat,Holyday,Clear,0.14,0.2121,0.63,0.0,1.0,9,10,2023-03-26 04:01:44.335810
333,2011-01-15,spring,2011,Jan,8,0,Sat,Holyday,Clear,0.14,0.1515,0.63,0.1343,1.0,22,23,2023-03-26 04:01:44.335810
334,2011-01-15,spring,2011,Jan,9,0,Sat,Holyday,Clear,0.16,0.1818,0.64,0.1343,2.0,31,33,2023-03-26 04:01:44.335810
335,2011-01-15,spring,2011,Jan,10,0,Sat,Holyday,Clear,0.18,0.197,0.59,0.1642,2.0,57,59,2023-03-26 04:01:44.335810
336,2011-01-15,spring,2011,Jan,11,0,Sat,Holyday,Clear,0.2,0.197,0.55,0.2239,18.0,54,72,2023-03-26 04:01:44.335810
337,2011-01-15,spring,2011,Jan,12,0,Sat,Holyday,Clear,0.24,0.2273,0.48,0.2239,15.0,74,89,2023-03-26 04:01:44.335810
338,2011-01-15,spring,2011,Jan,13,0,Sat,Holyday,Clear,0.28,0.2576,0.38,0.2985,21.0,80,101,2023-03-26 04:01:44.335810
339,2011-01-15,spring,2011,Jan,14,0,Sat,Holyday,Clear,0.3,0.2879,0.39,0.2836,26.0,92,118,2023-03-26 04:01:44.335810
340,2011-01-15,spring,2011,Jan,15,0,Sat,Holyday,Mist,0.32,0.3182,0.36,0.194,21.0,108,129,2023-03-26 04:01:44.335810
341,2011-01-15,spring,2011,Jan,16,0,Sat,Holyday,Mist,0.34,0.3333,0.34,0.194,33.0,95,128,2023-03-26 04:01:44.335810
342,2011-01-15,spring,2011,Jan,17,0,Sat,Holyday,Mist,0.32,0.303,0.36,0.2836,29.0,54,83,2023-03-26 04:01:44.335810
343,2011-01-15,spring,2011,Jan,18,0,Sat,Holyday,Mist,0.3,0.2879,0.45,0.2537,15.0,69,84,2023-03-26 04:01:44.335810
344,2011-01-15,spring,2011,Jan,19,0,Sat,Holyday,Mist,0.32,0.303,0.39,0.2537,14.0,60,74,2023-03-26 04:01:44.335810
345,2011-01-15,spring,2011,Jan,20,0,Sat,Holyday,Mist,0.32,0.303,0.39,0.2537,6.0,35,41,2023-03-26 04:01:44.335810
346,2011-01-15,spring,2011,Jan,21,0,Sat,Holyday,Mist,0.32,0.303,0.39,0.2239,6.0,51,57,2023-03-26 04:01:44.335810
347,2011-01-15,spring,2011,Jan,22,0,Sat,Holyday,Mist,0.3,0.3182,0.42,0.1045,0.0,26,26,2023-03-26 04:01:44.335810
348,2011-01-15,spring,2011,Jan,23,0,Sat,Holyday,Clear,0.3,0.2879,0.45,0.2836,5.0,39,44,2023-03-26 04:01:44.335810
349,2011-01-16,spring,2011,Jan,0,0,Sun,Holyday,Clear,0.26,0.303,0.56,0.0,6.0,33,39,2023-03-26 04:01:44.335810
350,2011-01-16,spring,2011,Jan,1,0,Sun,Holyday,Clear,0.26,0.2727,0.56,0.1343,4.0,19,23,2023-03-26 04:01:44.335810
351,2011-01-16,spring,2011,Jan,2,0,Sun,Holyday,Clear,0.26,0.2879,0.56,0.0896,3.0,13,16,2023-03-26 04:01:44.335810
352,2011-01-16,spring,2011,Jan,3,0,Sun,Holyday,Clear,0.22,0.2727,0.69,0.0,9.0,6,15,2023-03-26 04:01:44.335810
353,2011-01-16,spring,2011,Jan,4,0,Sun,Holyday,Clear,0.26,0.2576,0.56,0.1642,0.0,1,1,2023-03-26 04:01:44.335810
354,2011-01-16,spring,2011,Jan,5,0,Sun,Holyday,Mist,0.26,0.2576,0.56,0.1642,1.0,1,2,2023-03-26 04:01:44.335810
355,2011-01-16,spring,2011,Jan,6,0,Sun,Holyday,Mist,0.26,0.2576,0.56,0.1642,0.0,1,1,2023-03-26 04:01:44.335810
356,2011-01-16,spring,2011,Jan,7,0,Sun,Holyday,Mist,0.24,0.2121,0.56,0.2985,0.0,3,3,2023-03-26 04:01:44.335810
357,2011-01-16,spring,2011,Jan,8,0,Sun,Holyday,Clear,0.22,0.2121,0.55,0.2836,0.0,18,18,2023-03-26 04:01:44.335810
358,2011-01-16,spring,2011,Jan,9,0,Sun,Holyday,Clear,0.22,0.2121,0.51,0.2537,3.0,29,32,2023-03-26 04:01:44.335810
359,2011-01-16,spring,2011,Jan,10,0,Sun,Holyday,Clear,0.22,0.2121,0.51,0.2836,8.0,71,79,2023-03-26 04:01:44.335810
360,2011-01-16,spring,2011,Jan,11,0,Sun,Holyday,Clear,0.24,0.2273,0.44,0.2537,23.0,70,93,2023-03-26 04:01:44.335810
361,2011-01-16,spring,2011,Jan,12,0,Sun,Holyday,Clear,0.24,0.2121,0.41,0.2836,29.0,75,104,2023-03-26 04:01:44.335810
362,2011-01-16,spring,2011,Jan,13,0,Sun,Holyday,Clear,0.26,0.2273,0.35,0.2985,23.0,95,118,2023-03-26 04:01:44.335810
363,2011-01-16,spring,2011,Jan,14,0,Sun,Holyday,Clear,0.28,0.2727,0.36,0.2537,22.0,69,91,2023-03-26 04:01:44.335810
364,2011-01-16,spring,2011,Jan,15,0,Sun,Holyday,Clear,0.26,0.2424,0.38,0.2537,35.0,78,113,2023-03-26 04:01:44.335810
365,2011-01-16,spring,2011,Jan,16,0,Sun,Holyday,Clear,0.24,0.2273,0.38,0.2239,22.0,77,99,2023-03-26 04:01:44.335810
366,2011-01-16,spring,2011,Jan,17,0,Sun,Holyday,Clear,0.22,0.2121,0.37,0.2537,23.0,82,105,2023-03-26 04:01:44.335810
367,2011-01-16,spring,2011,Jan,18,0,Sun,Holyday,Clear,0.2,0.2121,0.4,0.1642,11.0,56,67,2023-03-26 04:01:44.335810
368,2011-01-16,spring,2011,Jan,19,0,Sun,Holyday,Clear,0.18,0.197,0.47,0.1343,14.0,47,61,2023-03-26 04:01:44.335810
369,2011-01-16,spring,2011,Jan,20,0,Sun,Holyday,Clear,0.18,0.197,0.47,0.1642,7.0,50,57,2023-03-26 04:01:44.335810
370,2011-01-16,spring,2011,Jan,21,0,Sun,Holyday,Clear,0.18,0.197,0.51,0.1642,6.0,22,28,2023-03-26 04:01:44.335810
371,2011-01-16,spring,2011,Jan,22,0,Sun,Holyday,Mist,0.2,0.2121,0.49,0.1343,2.0,19,21,2023-03-26 04:01:44.335810
372,2011-01-16,spring,2011,Jan,23,0,Sun,Holyday,Mist,0.2,0.2273,0.4,0.1045,0.0,18,18,2023-03-26 04:01:44.335810
373,2011-01-17,spring,2011,Jan,0,1,Mon,Holyday,Mist,0.2,0.197,0.47,0.2239,1.0,16,17,2023-03-26 04:01:44.335810
374,2011-01-17,spring,2011,Jan,1,1,Mon,Holyday,Mist,0.2,0.197,0.44,0.194,1.0,15,16,2023-03-26 04:01:44.335810
375,2011-01-17,spring,2011,Jan,2,1,Mon,Holyday,Mist,0.18,0.1667,0.43,0.2537,0.0,8,8,2023-03-26 04:01:44.335810
376,2011-01-17,spring,2011,Jan,3,1,Mon,Holyday,Mist,0.18,0.1818,0.43,0.194,0.0,2,2,2023-03-26 04:01:44.335810
377,2011-01-17,spring,2011,Jan,4,1,Mon,Holyday,Mist,0.18,0.197,0.43,0.1343,1.0,2,3,2023-03-26 04:01:44.335810
378,2011-01-17,spring,2011,Jan,5,1,Mon,Holyday,Mist,0.18,0.197,0.43,0.1642,0.0,1,1,2023-03-26 04:01:44.335810
379,2011-01-17,spring,2011,Jan,6,1,Mon,Holyday,Mist,0.18,0.1818,0.43,0.194,0.0,5,5,2023-03-26 04:01:44.335810
380,2011-01-17,spring,2011,Jan,7,1,Mon,Holyday,Mist,0.16,0.1818,0.5,0.1343,4.0,9,13,2023-03-26 04:01:44.335810
381,2011-01-17,spring,2011,Jan,8,1,Mon,Holyday,Mist,0.16,0.1515,0.47,0.2239,3.0,30,33,2023-03-26 04:01:44.335810
382,2011-01-17,spring,2011,Jan,9,1,Mon,Holyday,Mist,0.16,0.1515,0.47,0.2239,8.0,39,47,2023-03-26 04:01:44.335810
383,2011-01-17,spring,2011,Jan,10,1,Mon,Holyday,Mist,0.16,0.1515,0.5,0.2537,7.0,50,57,2023-03-26 04:01:44.335810
384,2011-01-17,spring,2011,Jan,11,1,Mon,Holyday,Mist,0.16,0.1515,0.55,0.194,9.0,55,64,2023-03-26 04:01:44.335810
385,2011-01-17,spring,2011,Jan,12,1,Mon,Holyday,Mist,0.18,0.197,0.47,0.1343,10.0,70,80,2023-03-26 04:01:44.335810
386,2011-01-17,spring,2011,Jan,13,1,Mon,Holyday,Mist,0.18,0.197,0.47,0.1343,13.0,80,93,2023-03-26 04:01:44.335810
387,2011-01-17,spring,2011,Jan,14,1,Mon,Holyday,Mist,0.18,0.2121,0.43,0.1045,12.0,74,86,2023-03-26 04:01:44.335810
388,2011-01-17,spring,2011,Jan,15,1,Mon,Holyday,Mist,0.2,0.2121,0.47,0.1642,21.0,72,93,2023-03-26 04:01:44.335810
389,2011-01-17,spring,2011,Jan,16,1,Mon,Holyday,Mist,0.2,0.2121,0.47,0.1642,6.0,76,82,2023-03-26 04:01:44.335810
390,2011-01-17,spring,2011,Jan,17,1,Mon,Holyday,Clear,0.2,0.197,0.51,0.194,4.0,67,71,2023-03-26 04:01:44.335810
391,2011-01-17,spring,2011,Jan,18,1,Mon,Holyday,Mist,0.18,0.1667,0.55,0.2537,7.0,85,92,2023-03-26 04:01:44.335810
392,2011-01-17,spring,2011,Jan,19,1,Mon,Holyday,Light Snow,0.18,0.1818,0.59,0.194,2.0,58,60,2023-03-26 04:01:44.335810
393,2011-01-17,spring,2011,Jan,20,1,Mon,Holyday,Light Snow,0.16,0.1515,0.8,0.194,4.0,29,33,2023-03-26 04:01:44.335810
394,2011-01-17,spring,2011,Jan,21,1,Mon,Holyday,Light Snow,0.16,0.1515,0.8,0.194,3.0,24,27,2023-03-26 04:01:44.335810
395,2011-01-17,spring,2011,Jan,22,1,Mon,Holyday,Light Snow,0.14,0.1212,0.93,0.2537,0.0,13,13,2023-03-26 04:01:44.335810
396,2011-01-17,spring,2011,Jan,23,1,Mon,Holyday,Light Snow,0.16,0.1364,0.86,0.2836,1.0,3,4,2023-03-26 04:01:44.335810
397,2011-01-18,spring,2011,Jan,12,0,Tue,Working_day,Mist,0.2,0.1818,0.86,0.3284,0.0,3,3,2023-03-26 04:01:44.335810
398,2011-01-18,spring,2011,Jan,13,0,Tue,Working_day,Mist,0.2,0.197,0.86,0.2239,0.0,22,22,2023-03-26 04:01:44.335810
399,2011-01-18,spring,2011,Jan,14,0,Tue,Working_day,Mist,0.22,0.2273,0.8,0.1642,2.0,26,28,2023-03-26 04:01:44.335810
400,2011-01-18,spring,2011,Jan,15,0,Tue,Working_day,Mist,0.22,0.2273,0.87,0.1642,3.0,32,35,2023-03-26 04:01:44.335810
401,2011-01-18,spring,2011,Jan,16,0,Tue,Working_day,Mist,0.22,0.2273,0.87,0.194,0.0,61,61,2023-03-26 04:01:44.335810
402,2011-01-18,spring,2011,Jan,17,0,Tue,Working_day,Mist,0.22,0.2273,0.82,0.194,1.0,124,125,2023-03-26 04:01:44.335810
403,2011-01-18,spring,2011,Jan,18,0,Tue,Working_day,Mist,0.22,0.2273,0.8,0.1642,1.0,132,133,2023-03-26 04:01:44.335810
404,2011-01-18,spring,2011,Jan,19,0,Tue,Working_day,Mist,0.22,0.2273,0.8,0.1343,1.0,98,99,2023-03-26 04:01:44.335810
405,2011-01-18,spring,2011,Jan,20,0,Tue,Working_day,Mist,0.22,0.2727,0.87,0.0,0.0,83,83,2023-03-26 04:01:44.335810
406,2011-01-18,spring,2011,Jan,21,0,Tue,Working_day,Mist,0.22,0.2424,0.93,0.1045,0.0,41,41,2023-03-26 04:01:44.335810
407,2011-01-18,spring,2011,Jan,22,0,Tue,Working_day,Mist,0.22,0.2576,0.93,0.0896,0.0,33,33,2023-03-26 04:01:44.335810
408,2011-01-18,spring,2011,Jan,23,0,Tue,Working_day,Mist,0.22,0.2727,0.93,0.0,1.0,19,20,2023-03-26 04:01:44.335810
409,2011-01-19,spring,2011,Jan,0,0,Wed,Working_day,Mist,0.22,0.2727,0.93,0.0,0.0,3,3,2023-03-26 04:01:44.335810
410,2011-01-19,spring,2011,Jan,1,0,Wed,Working_day,Light Snow,0.22,0.2273,0.93,0.1343,1.0,6,7,2023-03-26 04:01:44.335810
411,2011-01-19,spring,2011,Jan,2,0,Wed,Working_day,Light Snow,0.22,0.2273,0.93,0.1343,0.0,3,3,2023-03-26 04:01:44.335810
412,2011-01-19,spring,2011,Jan,4,0,Wed,Working_day,Light Snow,0.22,0.2273,0.93,0.1343,1.0,1,2,2023-03-26 04:01:44.335810
413,2011-01-19,spring,2011,Jan,5,0,Wed,Working_day,Mist,0.22,0.2576,0.93,0.0896,0.0,7,7,2023-03-26 04:01:44.335810
414,2011-01-19,spring,2011,Jan,6,0,Wed,Working_day,Mist,0.22,0.2576,0.93,0.0896,0.0,32,32,2023-03-26 04:01:44.335810
415,2011-01-19,spring,2011,Jan,7,0,Wed,Working_day,Mist,0.24,0.2576,0.92,0.1045,1.0,89,90,2023-03-26 04:01:44.335810
416,2011-01-19,spring,2011,Jan,8,0,Wed,Working_day,Mist,0.24,0.2576,0.93,0.1045,1.0,196,197,2023-03-26 04:01:44.335810
417,2011-01-19,spring,2011,Jan,9,0,Wed,Working_day,Mist,0.24,0.2576,0.93,0.1045,2.0,107,109,2023-03-26 04:01:44.335810
418,2011-01-19,spring,2011,Jan,10,0,Wed,Working_day,Mist,0.26,0.2727,0.93,0.1343,1.0,46,47,2023-03-26 04:01:44.335810
419,2011-01-19,spring,2011,Jan,11,0,Wed,Working_day,Mist,0.28,0.303,0.87,0.0896,5.0,47,52,2023-03-26 04:01:44.335810
420,2011-01-19,spring,2011,Jan,12,0,Wed,Working_day,Mist,0.3,0.3182,0.81,0.0896,5.0,65,70,2023-03-26 04:01:44.335810
421,2011-01-19,spring,2011,Jan,13,0,Wed,Working_day,Clear,0.4,0.4091,0.62,0.2836,11.0,67,78,2023-03-26 04:01:44.335810
422,2011-01-19,spring,2011,Jan,14,0,Wed,Working_day,Clear,0.4,0.4091,0.58,0.2537,7.0,68,75,2023-03-26 04:01:44.335810
423,2011-01-19,spring,2011,Jan,15,0,Wed,Working_day,Clear,0.4,0.4091,0.54,0.2836,4.0,78,82,2023-03-26 04:01:44.335810
424,2011-01-19,spring,2011,Jan,16,0,Wed,Working_day,Clear,0.38,0.3939,0.58,0.3881,10.0,94,104,2023-03-26 04:01:44.335810
425,2011-01-19,spring,2011,Jan,17,0,Wed,Working_day,Clear,0.36,0.3333,0.57,0.3284,7.0,190,197,2023-03-26 04:01:44.335810
426,2011-01-19,spring,2011,Jan,18,0,Wed,Working_day,Clear,0.34,0.3182,0.61,0.2836,5.0,156,161,2023-03-26 04:01:44.335810
427,2011-01-19,spring,2011,Jan,19,0,Wed,Working_day,Clear,0.32,0.2879,0.57,0.4179,4.0,108,112,2023-03-26 04:01:44.335810
428,2011-01-19,spring,2011,Jan,20,0,Wed,Working_day,Clear,0.32,0.303,0.49,0.2985,2.0,74,76,2023-03-26 04:01:44.335810
429,2011-01-19,spring,2011,Jan,21,0,Wed,Working_day,Clear,0.32,0.2879,0.49,0.4179,4.0,55,59,2023-03-26 04:01:44.335810
430,2011-01-19,spring,2011,Jan,22,0,Wed,Working_day,Clear,0.3,0.303,0.52,0.1642,6.0,53,59,2023-03-26 04:01:44.335810
431,2011-01-19,spring,2011,Jan,23,0,Wed,Working_day,Clear,0.3,0.2727,0.52,0.4627,1.0,27,28,2023-03-26 04:01:44.335810
432,2011-01-20,spring,2011,Jan,0,0,Thu,Working_day,Clear,0.26,0.2273,0.56,0.3881,5.0,8,13,2023-03-26 04:01:44.335810
433,2011-01-20,spring,2011,Jan,1,0,Thu,Working_day,Clear,0.26,0.2727,0.56,0.0,2.0,3,5,2023-03-26 04:01:44.335810
434,2011-01-20,spring,2011,Jan,2,0,Thu,Working_day,Clear,0.26,0.2727,0.56,0.0,0.0,2,2,2023-03-26 04:01:44.335810
435,2011-01-20,spring,2011,Jan,3,0,Thu,Working_day,Clear,0.26,0.2576,0.56,0.1642,0.0,1,1,2023-03-26 04:01:44.335810
436,2011-01-20,spring,2011,Jan,4,0,Thu,Working_day,Clear,0.26,0.2576,0.56,0.1642,0.0,1,1,2023-03-26 04:01:44.335810
437,2011-01-20,spring,2011,Jan,5,0,Thu,Working_day,Clear,0.24,0.2273,0.6,0.2239,0.0,6,6,2023-03-26 04:01:44.335810
438,2011-01-20,spring,2011,Jan,6,0,Thu,Working_day,Clear,0.22,0.2121,0.6,0.2239,0.0,35,35,2023-03-26 04:01:44.335810
439,2011-01-20,spring,2011,Jan,7,0,Thu,Working_day,Clear,0.22,0.2121,0.55,0.2239,1.0,100,101,2023-03-26 04:01:44.335810
440,2011-01-20,spring,2011,Jan,8,0,Thu,Working_day,Clear,0.22,0.2121,0.55,0.2836,2.0,247,249,2023-03-26 04:01:44.335810
441,2011-01-20,spring,2011,Jan,9,0,Thu,Working_day,Mist,0.24,0.2273,0.52,0.2239,3.0,140,143,2023-03-26 04:01:44.335810
442,2011-01-20,spring,2011,Jan,10,0,Thu,Working_day,Clear,0.26,0.2273,0.48,0.2985,1.0,56,57,2023-03-26 04:01:44.335810
443,2011-01-20,spring,2011,Jan,11,0,Thu,Working_day,Mist,0.28,0.2727,0.45,0.1642,5.0,63,68,2023-03-26 04:01:44.335810
444,2011-01-20,spring,2011,Jan,12,0,Thu,Working_day,Mist,0.3,0.3333,0.42,0.0,7.0,77,84,2023-03-26 04:01:44.335810
445,2011-01-20,spring,2011,Jan,13,0,Thu,Working_day,Mist,0.28,0.2879,0.45,0.1045,12.0,86,98,2023-03-26 04:01:44.335810
446,2011-01-20,spring,2011,Jan,14,0,Thu,Working_day,Mist,0.3,0.303,0.45,0.1343,6.0,75,81,2023-03-26 04:01:44.335810
447,2011-01-20,spring,2011,Jan,15,0,Thu,Working_day,Mist,0.32,0.3182,0.45,0.194,8.0,62,70,2023-03-26 04:01:44.335810
448,2011-01-20,spring,2011,Jan,16,0,Thu,Working_day,Mist,0.3,0.303,0.49,0.1343,8.0,83,91,2023-03-26 04:01:44.335810
449,2011-01-20,spring,2011,Jan,17,0,Thu,Working_day,Mist,0.3,0.3182,0.49,0.1045,8.0,207,215,2023-03-26 04:01:44.335810
450,2011-01-20,spring,2011,Jan,18,0,Thu,Working_day,Mist,0.26,0.2576,0.56,0.194,1.0,184,185,2023-03-26 04:01:44.335810
451,2011-01-20,spring,2011,Jan,19,0,Thu,Working_day,Clear,0.26,0.2273,0.56,0.3284,6.0,146,152,2023-03-26 04:01:44.335810
452,2011-01-20,spring,2011,Jan,20,0,Thu,Working_day,Mist,0.26,0.2424,0.6,0.2836,2.0,124,126,2023-03-26 04:01:44.335810
453,2011-01-20,spring,2011,Jan,21,0,Thu,Working_day,Mist,0.24,0.2273,0.6,0.2537,3.0,54,57,2023-03-26 04:01:44.335810
454,2011-01-20,spring,2011,Jan,22,0,Thu,Working_day,Mist,0.24,0.2121,0.65,0.2836,0.0,56,56,2023-03-26 04:01:44.335810
455,2011-01-20,spring,2011,Jan,23,0,Thu,Working_day,Mist,0.24,0.2121,0.65,0.3284,3.0,28,31,2023-03-26 04:01:44.335810
456,2011-01-21,spring,2011,Jan,0,0,Fri,Working_day,Mist,0.24,0.2273,0.7,0.2537,1.0,20,21,2023-03-26 04:01:44.335810
457,2011-01-21,spring,2011,Jan,1,0,Fri,Working_day,Mist,0.24,0.2273,0.7,0.2537,0.0,6,6,2023-03-26 04:01:44.335810
458,2011-01-21,spring,2011,Jan,2,0,Fri,Working_day,Light Snow,0.24,0.2424,0.75,0.1642,0.0,2,2,2023-03-26 04:01:44.335810
459,2011-01-21,spring,2011,Jan,3,0,Fri,Working_day,Light Snow,0.22,0.2121,0.8,0.2985,0.0,1,1,2023-03-26 04:01:44.335810
460,2011-01-21,spring,2011,Jan,4,0,Fri,Working_day,Mist,0.22,0.2576,0.87,0.0896,0.0,1,1,2023-03-26 04:01:44.335810
461,2011-01-21,spring,2011,Jan,5,0,Fri,Working_day,Clear,0.24,0.197,0.6,0.4179,1.0,4,5,2023-03-26 04:01:44.335810
462,2011-01-21,spring,2011,Jan,6,0,Fri,Working_day,Clear,0.22,0.2121,0.55,0.2537,0.0,27,27,2023-03-26 04:01:44.335810
463,2011-01-21,spring,2011,Jan,7,0,Fri,Working_day,Clear,0.2,0.1818,0.51,0.2836,2.0,66,68,2023-03-26 04:01:44.335810
464,2011-01-21,spring,2011,Jan,8,0,Fri,Working_day,Clear,0.2,0.1818,0.47,0.3284,7.0,210,217,2023-03-26 04:01:44.335810
465,2011-01-21,spring,2011,Jan,9,0,Fri,Working_day,Clear,0.2,0.1818,0.51,0.3582,7.0,159,166,2023-03-26 04:01:44.335810
466,2011-01-21,spring,2011,Jan,10,0,Fri,Working_day,Clear,0.2,0.1667,0.47,0.4627,6.0,57,63,2023-03-26 04:01:44.335810
467,2011-01-21,spring,2011,Jan,11,0,Fri,Working_day,Clear,0.22,0.1818,0.41,0.4627,6.0,53,59,2023-03-26 04:01:44.335810
468,2011-01-21,spring,2011,Jan,12,0,Fri,Working_day,Clear,0.22,0.1818,0.27,0.5821,11.0,67,78,2023-03-26 04:01:44.335810
469,2011-01-21,spring,2011,Jan,13,0,Fri,Working_day,Clear,0.2,0.1515,0.21,0.5821,8.0,65,73,2023-03-26 04:01:44.335810
470,2011-01-21,spring,2011,Jan,14,0,Fri,Working_day,Clear,0.2,0.1515,0.25,0.5224,6.0,56,62,2023-03-26 04:01:44.335810
471,2011-01-21,spring,2011,Jan,15,0,Fri,Working_day,Clear,0.16,0.1212,0.26,0.4478,4.0,61,65,2023-03-26 04:01:44.335810
472,2011-01-21,spring,2011,Jan,16,0,Fri,Working_day,Clear,0.16,0.1364,0.26,0.3582,0.0,97,97,2023-03-26 04:01:44.335810
473,2011-01-21,spring,2011,Jan,17,0,Fri,Working_day,Clear,0.14,0.1212,0.28,0.3582,10.0,151,161,2023-03-26 04:01:44.335810
474,2011-01-21,spring,2011,Jan,18,0,Fri,Working_day,Clear,0.12,0.1212,0.3,0.2537,1.0,119,120,2023-03-26 04:01:44.335810
475,2011-01-21,spring,2011,Jan,19,0,Fri,Working_day,Clear,0.12,0.1061,0.3,0.3284,3.0,93,96,2023-03-26 04:01:44.335810
476,2011-01-21,spring,2011,Jan,20,0,Fri,Working_day,Clear,0.1,0.0758,0.33,0.4179,1.0,52,53,2023-03-26 04:01:44.335810
477,2011-01-21,spring,2011,Jan,21,0,Fri,Working_day,Clear,0.08,0.0758,0.38,0.2836,0.0,41,41,2023-03-26 04:01:44.335810
478,2011-01-21,spring,2011,Jan,22,0,Fri,Working_day,Clear,0.06,0.0303,0.41,0.3881,1.0,33,34,2023-03-26 04:01:44.335810
479,2011-01-21,spring,2011,Jan,23,0,Fri,Working_day,Clear,0.06,0.0455,0.38,0.3284,0.0,27,27,2023-03-26 04:01:44.335810
480,2011-01-22,spring,2011,Jan,0,0,Sat,Holyday,Clear,0.04,0.0303,0.45,0.2537,0.0,13,13,2023-03-26 04:01:44.335810
481,2011-01-22,spring,2011,Jan,1,0,Sat,Holyday,Mist,0.04,0.0,0.41,0.3881,3.0,9,12,2023-03-26 04:01:44.335810
482,2011-01-22,spring,2011,Jan,2,0,Sat,Holyday,Mist,0.04,0.0303,0.41,0.2537,0.0,11,11,2023-03-26 04:01:44.335810
483,2011-01-22,spring,2011,Jan,3,0,Sat,Holyday,Mist,0.04,0.0303,0.41,0.2836,1.0,6,7,2023-03-26 04:01:44.335810
484,2011-01-22,spring,2011,Jan,4,0,Sat,Holyday,Mist,0.02,0.0152,0.48,0.2985,0.0,3,3,2023-03-26 04:01:44.335810
485,2011-01-22,spring,2011,Jan,6,0,Sat,Holyday,Mist,0.02,0.0303,0.44,0.2239,0.0,2,2,2023-03-26 04:01:44.335810
486,2011-01-22,spring,2011,Jan,7,0,Sat,Holyday,Clear,0.02,0.0152,0.44,0.2836,0.0,8,8,2023-03-26 04:01:44.335810
487,2011-01-22,spring,2011,Jan,8,0,Sat,Holyday,Clear,0.02,0.0,0.44,0.3284,1.0,26,27,2023-03-26 04:01:44.335810
488,2011-01-22,spring,2011,Jan,9,0,Sat,Holyday,Clear,0.04,0.0303,0.41,0.2537,3.0,37,40,2023-03-26 04:01:44.335810
489,2011-01-22,spring,2011,Jan,10,0,Sat,Holyday,Mist,0.04,0.0606,0.41,0.1642,3.0,50,53,2023-03-26 04:01:44.335810
490,2011-01-22,spring,2011,Jan,11,0,Sat,Holyday,Mist,0.06,0.0758,0.38,0.1343,4.0,59,63,2023-03-26 04:01:44.335810
491,2011-01-22,spring,2011,Jan,12,0,Sat,Holyday,Mist,0.06,0.1061,0.38,0.1045,10.0,60,70,2023-03-26 04:01:44.335810
492,2011-01-22,spring,2011,Jan,13,0,Sat,Holyday,Clear,0.08,0.1667,0.35,0.0,12.0,72,84,2023-03-26 04:01:44.335810
493,2011-01-22,spring,2011,Jan,14,0,Sat,Holyday,Clear,0.1,0.1364,0.33,0.1045,11.0,64,75,2023-03-26 04:01:44.335810
494,2011-01-22,spring,2011,Jan,15,0,Sat,Holyday,Clear,0.12,0.1515,0.28,0.0,10.0,93,103,2023-03-26 04:01:44.335810
495,2011-01-22,spring,2011,Jan,16,0,Sat,Holyday,Clear,0.12,0.1364,0.28,0.194,11.0,72,83,2023-03-26 04:01:44.335810
496,2011-01-22,spring,2011,Jan,17,0,Sat,Holyday,Clear,0.12,0.197,0.28,0.0,8.0,59,67,2023-03-26 04:01:44.335810
497,2011-01-22,spring,2011,Jan,18,0,Sat,Holyday,Clear,0.08,0.0909,0.35,0.194,0.0,54,54,2023-03-26 04:01:44.335810
498,2011-01-22,spring,2011,Jan,19,0,Sat,Holyday,Clear,0.08,0.1061,0.35,0.1343,6.0,53,59,2023-03-26 04:01:44.335810
499,2011-01-22,spring,2011,Jan,20,0,Sat,Holyday,Clear,0.06,0.0758,0.45,0.1642,1.0,44,45,2023-03-26 04:01:44.335810
500,2011-01-22,spring,2011,Jan,21,0,Sat,Holyday,Clear,0.06,0.1061,0.41,0.0896,0.0,39,39,2023-03-26 04:01:44.335810
501,2011-01-22,spring,2011,Jan,22,0,Sat,Holyday,Clear,0.06,0.1515,0.49,0.0,7.0,23,30,2023-03-26 04:01:44.335810
502,2011-01-22,spring,2011,Jan,23,0,Sat,Holyday,Clear,0.04,0.0758,0.57,0.1045,2.0,31,33,2023-03-26 04:01:44.335810
503,2011-01-23,spring,2011,Jan,0,0,Sun,Holyday,Clear,0.04,0.0758,0.57,0.1045,2.0,20,22,2023-03-26 04:01:44.335810
504,2011-01-23,spring,2011,Jan,1,0,Sun,Holyday,Clear,0.04,0.0758,0.57,0.1045,1.0,12,13,2023-03-26 04:01:44.335810
505,2011-01-23,spring,2011,Jan,2,0,Sun,Holyday,Clear,0.02,0.0606,0.62,0.1343,3.0,15,18,2023-03-26 04:01:44.335810
506,2011-01-23,spring,2011,Jan,3,0,Sun,Holyday,Clear,0.02,0.0606,0.62,0.1343,1.0,4,5,2023-03-26 04:01:44.335810
507,2011-01-23,spring,2011,Jan,5,0,Sun,Holyday,Mist,0.04,0.0758,0.57,0.1045,0.0,3,3,2023-03-26 04:01:44.335810
508,2011-01-23,spring,2011,Jan,6,0,Sun,Holyday,Mist,0.04,0.0758,0.57,0.1045,0.0,1,1,2023-03-26 04:01:44.335810
509,2011-01-23,spring,2011,Jan,7,0,Sun,Holyday,Clear,0.08,0.1061,0.58,0.1642,1.0,1,2,2023-03-26 04:01:44.335810
510,2011-01-23,spring,2011,Jan,8,0,Sun,Holyday,Clear,0.06,0.0758,0.62,0.1642,2.0,17,19,2023-03-26 04:01:44.335810
511,2011-01-23,spring,2011,Jan,9,0,Sun,Holyday,Clear,0.1,0.0758,0.54,0.3582,3.0,25,28,2023-03-26 04:01:44.335810
512,2011-01-23,spring,2011,Jan,10,0,Sun,Holyday,Clear,0.14,0.1061,0.46,0.3881,7.0,51,58,2023-03-26 04:01:44.335810
513,2011-01-23,spring,2011,Jan,11,0,Sun,Holyday,Clear,0.14,0.1364,0.43,0.2239,22.0,77,99,2023-03-26 04:01:44.335810
514,2011-01-23,spring,2011,Jan,12,0,Sun,Holyday,Clear,0.16,0.1212,0.37,0.4627,24.0,92,116,2023-03-26 04:01:44.335810
515,2011-01-23,spring,2011,Jan,13,0,Sun,Holyday,Clear,0.14,0.1061,0.33,0.3881,12.0,75,87,2023-03-26 04:01:44.335810
516,2011-01-23,spring,2011,Jan,14,0,Sun,Holyday,Clear,0.16,0.1364,0.28,0.3582,17.0,93,110,2023-03-26 04:01:44.335810
517,2011-01-23,spring,2011,Jan,15,0,Sun,Holyday,Clear,0.16,0.1364,0.28,0.3582,13.0,64,77,2023-03-26 04:01:44.335810
518,2011-01-23,spring,2011,Jan,16,0,Sun,Holyday,Clear,0.16,0.1364,0.26,0.3284,9.0,56,65,2023-03-26 04:01:44.335810
519,2011-01-23,spring,2011,Jan,17,0,Sun,Holyday,Clear,0.14,0.1061,0.26,0.3881,5.0,50,55,2023-03-26 04:01:44.335810
520,2011-01-23,spring,2011,Jan,18,0,Sun,Holyday,Clear,0.12,0.1212,0.3,0.2537,5.0,44,49,2023-03-26 04:01:44.335810
521,2011-01-23,spring,2011,Jan,19,0,Sun,Holyday,Clear,0.12,0.1212,0.3,0.2836,5.0,45,50,2023-03-26 04:01:44.335810
522,2011-01-23,spring,2011,Jan,20,0,Sun,Holyday,Clear,0.1,0.1061,0.36,0.2537,4.0,31,35,2023-03-26 04:01:44.335810
523,2011-01-23,spring,2011,Jan,21,0,Sun,Holyday,Clear,0.1,0.1061,0.36,0.194,5.0,20,25,2023-03-26 04:01:44.335810
524,2011-01-23,spring,2011,Jan,22,0,Sun,Holyday,Clear,0.08,0.0909,0.38,0.194,5.0,23,28,2023-03-26 04:01:44.335810
525,2011-01-23,spring,2011,Jan,23,0,Sun,Holyday,Clear,0.06,0.0606,0.41,0.2239,4.0,17,21,2023-03-26 04:01:44.335810
526,2011-01-24,spring,2011,Jan,0,0,Mon,Working_day,Clear,0.06,0.0606,0.41,0.194,0.0,7,7,2023-03-26 04:01:44.335810
527,2011-01-24,spring,2011,Jan,1,0,Mon,Working_day,Clear,0.04,0.0455,0.45,0.194,0.0,1,1,2023-03-26 04:01:44.335810
528,2011-01-24,spring,2011,Jan,3,0,Mon,Working_day,Clear,0.04,0.0303,0.45,0.2537,0.0,1,1,2023-03-26 04:01:44.335810
529,2011-01-24,spring,2011,Jan,4,0,Mon,Working_day,Clear,0.02,0.0606,0.48,0.1343,0.0,1,1,2023-03-26 04:01:44.335810
530,2011-01-24,spring,2011,Jan,5,0,Mon,Working_day,Clear,0.02,0.0606,0.48,0.1343,0.0,5,5,2023-03-26 04:01:44.335810
531,2011-01-24,spring,2011,Jan,6,0,Mon,Working_day,Clear,0.02,0.0758,0.48,0.0896,0.0,15,15,2023-03-26 04:01:44.335810
532,2011-01-24,spring,2011,Jan,7,0,Mon,Working_day,Clear,0.02,0.1212,0.48,0.0,5.0,79,84,2023-03-26 04:01:44.335810
533,2011-01-24,spring,2011,Jan,8,0,Mon,Working_day,Clear,0.04,0.1364,0.49,0.0,6.0,171,177,2023-03-26 04:01:44.335810
534,2011-01-24,spring,2011,Jan,9,0,Mon,Working_day,Clear,0.06,0.1515,0.41,0.0,4.0,98,102,2023-03-26 04:01:44.335810
535,2011-01-24,spring,2011,Jan,10,0,Mon,Working_day,Clear,0.1,0.1364,0.42,0.0,6.0,34,40,2023-03-26 04:01:44.335810
536,2011-01-24,spring,2011,Jan,11,0,Mon,Working_day,Clear,0.1,0.1212,0.46,0.1343,3.0,43,46,2023-03-26 04:01:44.335810
537,2011-01-24,spring,2011,Jan,12,0,Mon,Working_day,Mist,0.12,0.1364,0.42,0.194,11.0,52,63,2023-03-26 04:01:44.335810
538,2011-01-24,spring,2011,Jan,13,0,Mon,Working_day,Mist,0.14,0.1364,0.43,0.2239,6.0,54,60,2023-03-26 04:01:44.335810
539,2011-01-24,spring,2011,Jan,14,0,Mon,Working_day,Mist,0.14,0.1364,0.46,0.2239,2.0,43,45,2023-03-26 04:01:44.335810
540,2011-01-24,spring,2011,Jan,15,0,Mon,Working_day,Clear,0.16,0.1667,0.4,0.1642,7.0,50,57,2023-03-26 04:01:44.335810
541,2011-01-24,spring,2011,Jan,16,0,Mon,Working_day,Clear,0.16,0.1515,0.47,0.2537,4.0,66,70,2023-03-26 04:01:44.335810
542,2011-01-24,spring,2011,Jan,17,0,Mon,Working_day,Clear,0.14,0.1212,0.5,0.2537,6.0,178,184,2023-03-26 04:01:44.335810
543,2011-01-24,spring,2011,Jan,18,0,Mon,Working_day,Clear,0.14,0.1364,0.59,0.194,8.0,145,153,2023-03-26 04:01:44.335810
544,2011-01-24,spring,2011,Jan,19,0,Mon,Working_day,Clear,0.14,0.1515,0.54,0.1642,5.0,101,106,2023-03-26 04:01:44.335810
545,2011-01-24,spring,2011,Jan,20,0,Mon,Working_day,Clear,0.14,0.1364,0.59,0.194,1.0,80,81,2023-03-26 04:01:44.335810
546,2011-01-24,spring,2011,Jan,21,0,Mon,Working_day,Clear,0.14,0.1515,0.63,0.1642,6.0,53,59,2023-03-26 04:01:44.335810
547,2011-01-24,spring,2011,Jan,22,0,Mon,Working_day,Mist,0.14,0.1364,0.63,0.2239,3.0,32,35,2023-03-26 04:01:44.335810
548,2011-01-24,spring,2011,Jan,23,0,Mon,Working_day,Mist,0.16,0.1515,0.64,0.2537,3.0,21,24,2023-03-26 04:01:44.335810
549,2011-01-25,spring,2011,Jan,0,0,Tue,Working_day,Mist,0.16,0.1364,0.69,0.2836,3.0,6,9,2023-03-26 04:01:44.335810
550,2011-01-25,spring,2011,Jan,1,0,Tue,Working_day,Mist,0.16,0.1667,0.69,0.1642,0.0,5,5,2023-03-26 04:01:44.335810
551,2011-01-25,spring,2011,Jan,2,0,Tue,Working_day,Clear,0.16,0.1515,0.69,0.2239,0.0,2,2,2023-03-26 04:01:44.335810
552,2011-01-25,spring,2011,Jan,4,0,Tue,Working_day,Clear,0.14,0.1667,0.74,0.1045,0.0,1,1,2023-03-26 04:01:44.335810
553,2011-01-25,spring,2011,Jan,5,0,Tue,Working_day,Clear,0.14,0.1364,0.74,0.2239,0.0,9,9,2023-03-26 04:01:44.335810
554,2011-01-25,spring,2011,Jan,6,0,Tue,Working_day,Clear,0.16,0.1818,0.74,0.1045,1.0,35,36,2023-03-26 04:01:44.335810
555,2011-01-25,spring,2011,Jan,7,0,Tue,Working_day,Clear,0.16,0.1515,0.74,0.2239,5.0,103,108,2023-03-26 04:01:44.335810
556,2011-01-25,spring,2011,Jan,8,0,Tue,Working_day,Mist,0.16,0.1818,0.74,0.1343,5.0,233,238,2023-03-26 04:01:44.335810
557,2011-01-25,spring,2011,Jan,9,0,Tue,Working_day,Mist,0.2,0.2273,0.64,0.0896,10.0,134,144,2023-03-26 04:01:44.335810
558,2011-01-25,spring,2011,Jan,10,0,Tue,Working_day,Mist,0.22,0.2424,0.6,0.1045,6.0,49,55,2023-03-26 04:01:44.335810
559,2011-01-25,spring,2011,Jan,11,0,Tue,Working_day,Mist,0.24,0.2424,0.6,0.1343,6.0,55,61,2023-03-26 04:01:44.335810
560,2011-01-25,spring,2011,Jan,12,0,Tue,Working_day,Mist,0.26,0.2879,0.56,0.0896,21.0,85,106,2023-03-26 04:01:44.335810
561,2011-01-25,spring,2011,Jan,13,0,Tue,Working_day,Mist,0.26,0.2727,0.56,0.1343,21.0,72,93,2023-03-26 04:01:44.335810
562,2011-01-25,spring,2011,Jan,14,0,Tue,Working_day,Mist,0.3,0.3333,0.45,0.0,11.0,57,68,2023-03-26 04:01:44.335810
563,2011-01-25,spring,2011,Jan,15,0,Tue,Working_day,Mist,0.32,0.3485,0.42,0.0,21.0,63,84,2023-03-26 04:01:44.335810
564,2011-01-25,spring,2011,Jan,16,0,Tue,Working_day,Mist,0.32,0.3485,0.42,0.0,14.0,102,116,2023-03-26 04:01:44.335810
565,2011-01-25,spring,2011,Jan,17,0,Tue,Working_day,Clear,0.3,0.3333,0.45,0.0,14.0,208,222,2023-03-26 04:01:44.335810
566,2011-01-25,spring,2011,Jan,18,0,Tue,Working_day,Mist,0.3,0.3182,0.49,0.0896,7.0,218,225,2023-03-26 04:01:44.335810
567,2011-01-25,spring,2011,Jan,19,0,Tue,Working_day,Mist,0.26,0.2576,0.65,0.1642,13.0,133,146,2023-03-26 04:01:44.335810
568,2011-01-25,spring,2011,Jan,20,0,Tue,Working_day,Clear,0.24,0.2273,0.65,0.194,16.0,103,119,2023-03-26 04:01:44.335810
569,2011-01-25,spring,2011,Jan,21,0,Tue,Working_day,Clear,0.24,0.2273,0.65,0.194,5.0,40,45,2023-03-26 04:01:44.335810
570,2011-01-25,spring,2011,Jan,22,0,Tue,Working_day,Clear,0.22,0.2273,0.64,0.1642,4.0,49,53,2023-03-26 04:01:44.335810
571,2011-01-25,spring,2011,Jan,23,0,Tue,Working_day,Mist,0.22,0.2273,0.64,0.1642,3.0,37,40,2023-03-26 04:01:44.335810
572,2011-01-26,spring,2011,Jan,0,0,Wed,Working_day,Mist,0.22,0.2273,0.69,0.1343,3.0,14,17,2023-03-26 04:01:44.335810
573,2011-01-26,spring,2011,Jan,1,0,Wed,Working_day,Mist,0.24,0.2424,0.65,0.1343,0.0,5,5,2023-03-26 04:01:44.335810
574,2011-01-26,spring,2011,Jan,2,0,Wed,Working_day,Light Snow,0.22,0.2273,0.69,0.194,3.0,7,10,2023-03-26 04:01:44.335810
575,2011-01-26,spring,2011,Jan,5,0,Wed,Working_day,Light Snow,0.2,0.1818,0.86,0.2836,0.0,1,1,2023-03-26 04:01:44.335810
576,2011-01-26,spring,2011,Jan,6,0,Wed,Working_day,Light Snow,0.2,0.1818,0.86,0.2836,0.0,8,8,2023-03-26 04:01:44.335810
577,2011-01-26,spring,2011,Jan,7,0,Wed,Working_day,Light Snow,0.22,0.2121,0.87,0.2985,1.0,29,30,2023-03-26 04:01:44.335810
578,2011-01-26,spring,2011,Jan,8,0,Wed,Working_day,Light Snow,0.22,0.2121,0.87,0.2985,3.0,69,72,2023-03-26 04:01:44.335810
579,2011-01-26,spring,2011,Jan,9,0,Wed,Working_day,Light Snow,0.22,0.2121,0.87,0.2985,3.0,55,58,2023-03-26 04:01:44.335810
580,2011-01-26,spring,2011,Jan,10,0,Wed,Working_day,Light Snow,0.22,0.2121,0.93,0.2836,2.0,26,28,2023-03-26 04:01:44.335810
581,2011-01-26,spring,2011,Jan,11,0,Wed,Working_day,Light Snow,0.22,0.197,0.93,0.3284,6.0,35,41,2023-03-26 04:01:44.335810
582,2011-01-26,spring,2011,Jan,12,0,Wed,Working_day,Light Snow,0.22,0.197,0.93,0.3284,7.0,41,48,2023-03-26 04:01:44.335810
583,2011-01-26,spring,2011,Jan,13,0,Wed,Working_day,Light Snow,0.22,0.197,0.93,0.3284,4.0,43,47,2023-03-26 04:01:44.335810
584,2011-01-26,spring,2011,Jan,14,0,Wed,Working_day,Light Snow,0.22,0.197,0.93,0.3582,0.0,36,36,2023-03-26 04:01:44.335810
585,2011-01-26,spring,2011,Jan,15,0,Wed,Working_day,Light Snow,0.22,0.1818,0.93,0.4627,1.0,42,43,2023-03-26 04:01:44.335810
586,2011-01-26,spring,2011,Jan,16,0,Wed,Working_day,Heavy Rain,0.22,0.197,0.93,0.3284,1.0,35,36,2023-03-26 04:01:44.335810
587,2011-01-26,spring,2011,Jan,17,0,Wed,Working_day,Light Snow,0.2,0.1818,0.93,0.3582,0.0,26,26,2023-03-26 04:01:44.335810
588,2011-01-27,spring,2011,Jan,16,0,Thu,Working_day,Clear,0.22,0.2273,0.55,0.194,1.0,23,24,2023-03-26 04:01:44.335810
589,2011-01-27,spring,2011,Jan,17,0,Thu,Working_day,Clear,0.22,0.2424,0.55,0.1045,2.0,82,84,2023-03-26 04:01:44.335810
590,2011-01-27,spring,2011,Jan,18,0,Thu,Working_day,Clear,0.2,0.2273,0.69,0.0896,3.0,101,104,2023-03-26 04:01:44.335810
591,2011-01-27,spring,2011,Jan,19,0,Thu,Working_day,Clear,0.2,0.2273,0.69,0.0896,3.0,76,79,2023-03-26 04:01:44.335810
592,2011-01-27,spring,2011,Jan,20,0,Thu,Working_day,Clear,0.18,0.2121,0.74,0.0896,4.0,55,59,2023-03-26 04:01:44.335810
593,2011-01-27,spring,2011,Jan,21,0,Thu,Working_day,Clear,0.18,0.2121,0.74,0.0896,2.0,36,38,2023-03-26 04:01:44.335810
594,2011-01-27,spring,2011,Jan,22,0,Thu,Working_day,Clear,0.18,0.2121,0.74,0.0896,0.0,27,27,2023-03-26 04:01:44.335810
595,2011-01-27,spring,2011,Jan,23,0,Thu,Working_day,Clear,0.18,0.197,0.8,0.1642,0.0,16,16,2023-03-26 04:01:44.335810
596,2011-01-28,spring,2011,Jan,0,0,Fri,Working_day,Mist,0.2,0.2121,0.75,0.1343,0.0,9,9,2023-03-26 04:01:44.335810
597,2011-01-28,spring,2011,Jan,1,0,Fri,Working_day,Mist,0.2,0.2121,0.75,0.1343,1.0,2,3,2023-03-26 04:01:44.335810
598,2011-01-28,spring,2011,Jan,2,0,Fri,Working_day,Mist,0.2,0.2121,0.75,0.1642,0.0,2,2,2023-03-26 04:01:44.335810
599,2011-01-28,spring,2011,Jan,3,0,Fri,Working_day,Mist,0.2,0.2273,0.75,0.1045,1.0,0,1,2023-03-26 04:01:44.335810
600,2011-01-28,spring,2011,Jan,5,0,Fri,Working_day,Mist,0.18,0.2121,0.8,0.1045,0.0,4,4,2023-03-26 04:01:44.335810
601,2011-01-28,spring,2011,Jan,6,0,Fri,Working_day,Mist,0.18,0.197,0.8,0.1343,0.0,16,16,2023-03-26 04:01:44.335810
602,2011-01-28,spring,2011,Jan,7,0,Fri,Working_day,Mist,0.16,0.197,0.86,0.0896,2.0,58,60,2023-03-26 04:01:44.335810
603,2011-01-28,spring,2011,Jan,8,0,Fri,Working_day,Mist,0.16,0.197,0.86,0.0896,2.0,155,157,2023-03-26 04:01:44.335810
604,2011-01-28,spring,2011,Jan,9,0,Fri,Working_day,Light Snow,0.18,0.2121,0.86,0.0896,6.0,95,101,2023-03-26 04:01:44.335810
605,2011-01-28,spring,2011,Jan,10,0,Fri,Working_day,Light Snow,0.18,0.2121,0.86,0.1045,0.0,49,49,2023-03-26 04:01:44.335810
606,2011-01-28,spring,2011,Jan,11,0,Fri,Working_day,Light Snow,0.18,0.2121,0.93,0.1045,0.0,30,30,2023-03-26 04:01:44.335810
607,2011-01-28,spring,2011,Jan,12,0,Fri,Working_day,Light Snow,0.18,0.2121,0.93,0.1045,1.0,28,29,2023-03-26 04:01:44.335810
608,2011-01-28,spring,2011,Jan,13,0,Fri,Working_day,Light Snow,0.18,0.2121,0.93,0.1045,0.0,31,31,2023-03-26 04:01:44.335810
609,2011-01-28,spring,2011,Jan,14,0,Fri,Working_day,Light Snow,0.22,0.2727,0.8,0.0,2.0,36,38,2023-03-26 04:01:44.335810
610,2011-01-28,spring,2011,Jan,15,0,Fri,Working_day,Mist,0.2,0.2576,0.86,0.0,1.0,40,41,2023-03-26 04:01:44.335810
611,2011-01-28,spring,2011,Jan,16,0,Fri,Working_day,Clear,0.22,0.2727,0.8,0.0,10.0,70,80,2023-03-26 04:01:44.335810
612,2011-01-28,spring,2011,Jan,17,0,Fri,Working_day,Clear,0.24,0.2424,0.75,0.1343,2.0,147,149,2023-03-26 04:01:44.335810
613,2011-01-28,spring,2011,Jan,18,0,Fri,Working_day,Clear,0.24,0.2273,0.75,0.194,2.0,107,109,2023-03-26 04:01:44.335810
614,2011-01-28,spring,2011,Jan,19,0,Fri,Working_day,Mist,0.24,0.2424,0.75,0.1343,5.0,84,89,2023-03-26 04:01:44.335810
615,2011-01-28,spring,2011,Jan,20,0,Fri,Working_day,Mist,0.24,0.2273,0.7,0.194,1.0,61,62,2023-03-26 04:01:44.335810
616,2011-01-28,spring,2011,Jan,21,0,Fri,Working_day,Mist,0.22,0.2273,0.75,0.1343,1.0,57,58,2023-03-26 04:01:44.335810
617,2011-01-28,spring,2011,Jan,22,0,Fri,Working_day,Clear,0.24,0.2121,0.65,0.3582,0.0,26,26,2023-03-26 04:01:44.335810
618,2011-01-28,spring,2011,Jan,23,0,Fri,Working_day,Clear,0.24,0.2273,0.6,0.2239,1.0,22,23,2023-03-26 04:01:44.335810
619,2011-01-29,spring,2011,Jan,0,0,Sat,Holyday,Clear,0.22,0.197,0.64,0.3582,2.0,26,28,2023-03-26 04:01:44.335810
620,2011-01-29,spring,2011,Jan,1,0,Sat,Holyday,Clear,0.22,0.2273,0.64,0.194,0.0,20,20,2023-03-26 04:01:44.335810
621,2011-01-29,spring,2011,Jan,2,0,Sat,Holyday,Clear,0.22,0.2273,0.64,0.1642,0.0,15,15,2023-03-26 04:01:44.335810
622,2011-01-29,spring,2011,Jan,3,0,Sat,Holyday,Clear,0.2,0.2121,0.64,0.1343,3.0,5,8,2023-03-26 04:01:44.335810
623,2011-01-29,spring,2011,Jan,4,0,Sat,Holyday,Clear,0.16,0.1818,0.69,0.1045,1.0,2,3,2023-03-26 04:01:44.335810
624,2011-01-29,spring,2011,Jan,6,0,Sat,Holyday,Clear,0.16,0.1818,0.64,0.1343,0.0,2,2,2023-03-26 04:01:44.335810
625,2011-01-29,spring,2011,Jan,7,0,Sat,Holyday,Clear,0.16,0.1818,0.59,0.1045,1.0,4,5,2023-03-26 04:01:44.335810
626,2011-01-29,spring,2011,Jan,8,0,Sat,Holyday,Clear,0.18,0.197,0.55,0.1642,3.0,31,34,2023-03-26 04:01:44.335810
627,2011-01-29,spring,2011,Jan,9,0,Sat,Holyday,Clear,0.18,0.2121,0.59,0.0896,0.0,34,34,2023-03-26 04:01:44.335810
628,2011-01-29,spring,2011,Jan,10,0,Sat,Holyday,Mist,0.18,0.2121,0.64,0.1045,4.0,51,55,2023-03-26 04:01:44.335810
629,2011-01-29,spring,2011,Jan,11,0,Sat,Holyday,Mist,0.18,0.197,0.64,0.1343,4.0,60,64,2023-03-26 04:01:44.335810
630,2011-01-29,spring,2011,Jan,12,0,Sat,Holyday,Mist,0.2,0.197,0.59,0.194,12.0,66,78,2023-03-26 04:01:44.335810
631,2011-01-29,spring,2011,Jan,13,0,Sat,Holyday,Mist,0.22,0.2273,0.55,0.1642,9.0,56,65,2023-03-26 04:01:44.335810
632,2011-01-29,spring,2011,Jan,14,0,Sat,Holyday,Mist,0.22,0.2273,0.6,0.1343,10.0,89,99,2023-03-26 04:01:44.335810
633,2011-01-29,spring,2011,Jan,15,0,Sat,Holyday,Clear,0.22,0.2121,0.69,0.2537,22.0,98,120,2023-03-26 04:01:44.335810
634,2011-01-29,spring,2011,Jan,16,0,Sat,Holyday,Clear,0.24,0.2424,0.6,0.1642,19.0,88,107,2023-03-26 04:01:44.335810
635,2011-01-29,spring,2011,Jan,17,0,Sat,Holyday,Clear,0.24,0.2879,0.6,0.0,9.0,82,91,2023-03-26 04:01:44.335810
636,2011-01-29,spring,2011,Jan,18,0,Sat,Holyday,Clear,0.22,0.2273,0.69,0.1343,9.0,59,68,2023-03-26 04:01:44.335810
637,2011-01-29,spring,2011,Jan,19,0,Sat,Holyday,Mist,0.22,0.2121,0.69,0.2537,6.0,52,58,2023-03-26 04:01:44.335810
638,2011-01-29,spring,2011,Jan,20,0,Sat,Holyday,Clear,0.18,0.2121,0.74,0.0896,1.0,42,43,2023-03-26 04:01:44.335810
639,2011-01-29,spring,2011,Jan,21,0,Sat,Holyday,Clear,0.18,0.2121,0.74,0.0896,1.0,35,36,2023-03-26 04:01:44.335810
640,2011-01-29,spring,2011,Jan,22,0,Sat,Holyday,Clear,0.16,0.197,0.8,0.0896,4.0,28,32,2023-03-26 04:01:44.335810
641,2011-01-29,spring,2011,Jan,23,0,Sat,Holyday,Clear,0.16,0.197,0.8,0.0896,3.0,30,33,2023-03-26 04:01:44.335810
642,2011-01-30,spring,2011,Jan,0,0,Sun,Holyday,Clear,0.16,0.1818,0.8,0.1045,0.0,33,33,2023-03-26 04:01:44.335810
643,2011-01-30,spring,2011,Jan,1,0,Sun,Holyday,Clear,0.14,0.2121,0.8,0.0,7.0,22,29,2023-03-26 04:01:44.335810
644,2011-01-30,spring,2011,Jan,2,0,Sun,Holyday,Clear,0.16,0.2273,0.8,0.0,1.0,10,11,2023-03-26 04:01:44.335810
645,2011-01-30,spring,2011,Jan,3,0,Sun,Holyday,Clear,0.14,0.2121,0.93,0.0,1.0,7,8,2023-03-26 04:01:44.335810
646,2011-01-30,spring,2011,Jan,4,0,Sun,Holyday,Clear,0.14,0.2121,0.93,0.0,0.0,1,1,2023-03-26 04:01:44.335810
647,2011-01-30,spring,2011,Jan,5,0,Sun,Holyday,Clear,0.14,0.2121,0.86,0.0,0.0,3,3,2023-03-26 04:01:44.335810
648,2011-01-30,spring,2011,Jan,7,0,Sun,Holyday,Clear,0.14,0.2121,0.86,0.0,0.0,3,3,2023-03-26 04:01:44.335810
649,2011-01-30,spring,2011,Jan,8,0,Sun,Holyday,Mist,0.14,0.2121,0.86,0.0,1.0,11,12,2023-03-26 04:01:44.335810
650,2011-01-30,spring,2011,Jan,9,0,Sun,Holyday,Mist,0.16,0.2273,0.8,0.0,4.0,34,38,2023-03-26 04:01:44.335810
651,2011-01-30,spring,2011,Jan,10,0,Sun,Holyday,Mist,0.18,0.2424,0.8,0.0,7.0,57,64,2023-03-26 04:01:44.335810
652,2011-01-30,spring,2011,Jan,11,0,Sun,Holyday,Clear,0.22,0.2727,0.75,0.0,9.0,50,59,2023-03-26 04:01:44.335810
653,2011-01-30,spring,2011,Jan,12,0,Sun,Holyday,Clear,0.3,0.3182,0.52,0.1045,10.0,87,97,2023-03-26 04:01:44.335810
654,2011-01-30,spring,2011,Jan,13,0,Sun,Holyday,Clear,0.28,0.2879,0.61,0.1045,13.0,71,84,2023-03-26 04:01:44.335810
655,2011-01-30,spring,2011,Jan,14,0,Sun,Holyday,Clear,0.28,0.303,0.61,0.0896,18.0,104,122,2023-03-26 04:01:44.335810
656,2011-01-30,spring,2011,Jan,15,0,Sun,Holyday,Clear,0.3,0.3333,0.56,0.0,14.0,95,109,2023-03-26 04:01:44.335810
657,2011-01-30,spring,2011,Jan,16,0,Sun,Holyday,Clear,0.3,0.3333,0.56,0.0,19.0,104,123,2023-03-26 04:01:44.335810
658,2011-01-30,spring,2011,Jan,17,0,Sun,Holyday,Clear,0.3,0.2879,0.56,0.194,6.0,71,77,2023-03-26 04:01:44.335810
659,2011-01-30,spring,2011,Jan,18,0,Sun,Holyday,Clear,0.26,0.2576,0.65,0.1642,8.0,57,65,2023-03-26 04:01:44.335810
660,2011-01-30,spring,2011,Jan,19,0,Sun,Holyday,Clear,0.26,0.2576,0.65,0.194,9.0,46,55,2023-03-26 04:01:44.335810
661,2011-01-30,spring,2011,Jan,20,0,Sun,Holyday,Mist,0.26,0.2727,0.65,0.1045,3.0,30,33,2023-03-26 04:01:44.335810
662,2011-01-30,spring,2011,Jan,21,0,Sun,Holyday,Mist,0.24,0.2424,0.7,0.1642,3.0,25,28,2023-03-26 04:01:44.335810
663,2011-01-30,spring,2011,Jan,22,0,Sun,Holyday,Mist,0.24,0.2273,0.7,0.194,2.0,19,21,2023-03-26 04:01:44.335810
664,2011-01-30,spring,2011,Jan,23,0,Sun,Holyday,Mist,0.24,0.2121,0.65,0.2836,5.0,16,21,2023-03-26 04:01:44.335810
665,2011-01-31,spring,2011,Jan,0,0,Mon,Working_day,Mist,0.24,0.2273,0.65,0.2239,1.0,6,7,2023-03-26 04:01:44.335810
666,2011-01-31,spring,2011,Jan,1,0,Mon,Working_day,Clear,0.22,0.2121,0.64,0.2537,2.0,5,7,2023-03-26 04:01:44.335810
667,2011-01-31,spring,2011,Jan,2,0,Mon,Working_day,Clear,0.22,0.2273,0.64,0.194,0.0,1,1,2023-03-26 04:01:44.335810
668,2011-01-31,spring,2011,Jan,3,0,Mon,Working_day,Clear,0.22,0.2273,0.64,0.194,0.0,2,2,2023-03-26 04:01:44.335810
669,2011-01-31,spring,2011,Jan,4,0,Mon,Working_day,Clear,0.2,0.197,0.59,0.2239,0.0,2,2,2023-03-26 04:01:44.335810
670,2011-01-31,spring,2011,Jan,5,0,Mon,Working_day,Clear,0.18,0.1667,0.64,0.2836,0.0,8,8,2023-03-26 04:01:44.335810
671,2011-01-31,spring,2011,Jan,6,0,Mon,Working_day,Clear,0.16,0.1364,0.69,0.3284,0.0,37,37,2023-03-26 04:01:44.335810
672,2011-01-31,spring,2011,Jan,7,0,Mon,Working_day,Mist,0.16,0.1364,0.64,0.2836,1.0,71,72,2023-03-26 04:01:44.335810
673,2011-01-31,spring,2011,Jan,8,0,Mon,Working_day,Mist,0.16,0.1364,0.59,0.2836,3.0,182,185,2023-03-26 04:01:44.335810
674,2011-01-31,spring,2011,Jan,9,0,Mon,Working_day,Mist,0.16,0.1364,0.59,0.2985,0.0,112,112,2023-03-26 04:01:44.335810
675,2011-01-31,spring,2011,Jan,10,0,Mon,Working_day,Mist,0.16,0.1515,0.59,0.194,1.0,68,69,2023-03-26 04:01:44.335810
676,2011-01-31,spring,2011,Jan,11,0,Mon,Working_day,Mist,0.16,0.1515,0.59,0.194,2.0,46,48,2023-03-26 04:01:44.335810
677,2011-01-31,spring,2011,Jan,12,0,Mon,Working_day,Mist,0.18,0.2121,0.55,0.1045,6.0,62,68,2023-03-26 04:01:44.335810
678,2011-01-31,spring,2011,Jan,13,0,Mon,Working_day,Mist,0.16,0.2273,0.59,0.0,2.0,52,54,2023-03-26 04:01:44.335810
679,2011-01-31,spring,2011,Jan,14,0,Mon,Working_day,Mist,0.18,0.197,0.55,0.1343,1.0,85,86,2023-03-26 04:01:44.335810
680,2011-01-31,spring,2011,Jan,15,0,Mon,Working_day,Mist,0.16,0.1818,0.59,0.1343,3.0,41,44,2023-03-26 04:01:44.335810
681,2011-01-31,spring,2011,Jan,16,0,Mon,Working_day,Mist,0.16,0.1818,0.56,0.194,3.0,83,86,2023-03-26 04:01:44.335810
682,2011-01-31,spring,2011,Jan,17,0,Mon,Working_day,Mist,0.16,0.1515,0.59,0.194,6.0,155,161,2023-03-26 04:01:44.335810
683,2011-01-31,spring,2011,Jan,18,0,Mon,Working_day,Mist,0.16,0.1515,0.55,0.2239,3.0,153,156,2023-03-26 04:01:44.335810
684,2011-01-31,spring,2011,Jan,19,0,Mon,Working_day,Clear,0.3,0.3182,0.61,0.1045,3.0,108,111,2023-03-26 04:01:44.335810
685,2011-01-31,spring,2011,Jan,20,0,Mon,Working_day,Light Snow,0.16,0.1667,0.59,0.1642,0.0,78,78,2023-03-26 04:01:44.335810
686,2011-01-31,spring,2011,Jan,21,0,Mon,Working_day,Light Snow,0.16,0.197,0.59,0.0896,3.0,53,56,2023-03-26 04:01:44.335810
687,2011-01-31,spring,2011,Jan,22,0,Mon,Working_day,Mist,0.16,0.1818,0.59,0.1045,0.0,34,34,2023-03-26 04:01:44.335810
688,2011-01-31,spring,2011,Jan,23,0,Mon,Working_day,Mist,0.16,0.197,0.64,0.0896,2.0,15,17,2023-03-26 04:01:44.335810
689,2011-02-01,spring,2011,Feb,0,0,Tue,Working_day,Mist,0.16,0.1818,0.64,0.1045,2.0,6,8,2023-03-26 04:01:44.335810
690,2011-02-01,spring,2011,Feb,1,0,Tue,Working_day,Mist,0.16,0.1818,0.69,0.1045,0.0,3,3,2023-03-26 04:01:44.335810
691,2011-02-01,spring,2011,Feb,2,0,Tue,Working_day,Mist,0.16,0.2273,0.69,0.0,0.0,2,2,2023-03-26 04:01:44.335810
692,2011-02-01,spring,2011,Feb,3,0,Tue,Working_day,Mist,0.16,0.2273,0.69,0.0,0.0,2,2,2023-03-26 04:01:44.335810
693,2011-02-01,spring,2011,Feb,5,0,Tue,Working_day,Light Snow,0.14,0.2121,0.93,0.0,0.0,3,3,2023-03-26 04:01:44.335810
694,2011-02-01,spring,2011,Feb,6,0,Tue,Working_day,Light Snow,0.14,0.2121,0.93,0.0,0.0,22,22,2023-03-26 04:01:44.335810
695,2011-02-01,spring,2011,Feb,7,0,Tue,Working_day,Light Snow,0.16,0.2273,0.93,0.0,0.0,52,52,2023-03-26 04:01:44.335810
696,2011-02-01,spring,2011,Feb,8,0,Tue,Working_day,Light Snow,0.16,0.2273,0.93,0.0,3.0,132,135,2023-03-26 04:01:44.335810
697,2011-02-01,spring,2011,Feb,9,0,Tue,Working_day,Mist,0.16,0.2273,0.93,0.0,2.0,114,116,2023-03-26 04:01:44.335810
698,2011-02-01,spring,2011,Feb,10,0,Tue,Working_day,Mist,0.16,0.2273,0.93,0.0,0.0,47,47,2023-03-26 04:01:44.335810
699,2011-02-01,spring,2011,Feb,11,0,Tue,Working_day,Mist,0.18,0.2424,0.86,0.0,2.0,49,51,2023-03-26 04:01:44.335810
700,2011-02-01,spring,2011,Feb,12,0,Tue,Working_day,Mist,0.2,0.2576,0.86,0.0,2.0,53,55,2023-03-26 04:01:44.335810
701,2011-02-01,spring,2011,Feb,13,0,Tue,Working_day,Mist,0.2,0.2576,0.86,0.0,3.0,49,52,2023-03-26 04:01:44.335810
702,2011-02-01,spring,2011,Feb,14,0,Tue,Working_day,Mist,0.22,0.2576,0.8,0.0896,5.0,49,54,2023-03-26 04:01:44.335810
703,2011-02-01,spring,2011,Feb,15,0,Tue,Working_day,Mist,0.24,0.2879,0.75,0.0,7.0,45,52,2023-03-26 04:01:44.335810
704,2011-02-01,spring,2011,Feb,16,0,Tue,Working_day,Mist,0.24,0.2424,0.75,0.1343,3.0,61,64,2023-03-26 04:01:44.335810
705,2011-02-01,spring,2011,Feb,17,0,Tue,Working_day,Mist,0.24,0.2879,0.75,0.0,4.0,172,176,2023-03-26 04:01:44.335810
706,2011-02-01,spring,2011,Feb,18,0,Tue,Working_day,Mist,0.24,0.2576,0.81,0.1045,3.0,165,168,2023-03-26 04:01:44.335810
707,2011-02-01,spring,2011,Feb,19,0,Tue,Working_day,Mist,0.24,0.2424,0.81,0.1343,3.0,105,108,2023-03-26 04:01:44.335810
708,2011-02-01,spring,2011,Feb,20,0,Tue,Working_day,Mist,0.22,0.2273,0.87,0.1343,5.0,69,74,2023-03-26 04:01:44.335810
709,2011-02-01,spring,2011,Feb,21,0,Tue,Working_day,Mist,0.22,0.2273,0.87,0.1343,0.0,64,64,2023-03-26 04:01:44.335810
710,2011-02-01,spring,2011,Feb,22,0,Tue,Working_day,Mist,0.22,0.2576,0.87,0.0896,2.0,34,36,2023-03-26 04:01:44.335810
711,2011-02-01,spring,2011,Feb,23,0,Tue,Working_day,Light Snow,0.2,0.197,0.93,0.194,1.0,15,16,2023-03-26 04:01:44.335810
712,2011-02-02,spring,2011,Feb,0,0,Wed,Working_day,Light Snow,0.22,0.2424,0.93,0.1045,0.0,2,2,2023-03-26 04:01:44.335810
713,2011-02-02,spring,2011,Feb,1,0,Wed,Working_day,Light Snow,0.22,0.2273,0.93,0.194,0.0,3,3,2023-03-26 04:01:44.335810
714,2011-02-02,spring,2011,Feb,2,0,Wed,Working_day,Light Snow,0.22,0.2273,0.93,0.1343,4.0,0,4,2023-03-26 04:01:44.335810
715,2011-02-02,spring,2011,Feb,3,0,Wed,Working_day,Light Snow,0.22,0.2273,0.93,0.1343,0.0,1,1,2023-03-26 04:01:44.335810
716,2011-02-02,spring,2011,Feb,4,0,Wed,Working_day,Light Snow,0.22,0.2121,0.93,0.2836,0.0,1,1,2023-03-26 04:01:44.335810
717,2011-02-02,spring,2011,Feb,5,0,Wed,Working_day,Light Snow,0.22,0.2424,0.93,0.1045,0.0,3,3,2023-03-26 04:01:44.335810
718,2011-02-02,spring,2011,Feb,6,0,Wed,Working_day,Light Snow,0.22,0.2424,0.93,0.1045,1.0,17,18,2023-03-26 04:01:44.335810
719,2011-02-02,spring,2011,Feb,7,0,Wed,Working_day,Light Snow,0.22,0.2121,0.93,0.2239,1.0,48,49,2023-03-26 04:01:44.335810
720,2011-02-02,spring,2011,Feb,8,0,Wed,Working_day,Light Snow,0.22,0.2121,0.93,0.2239,1.0,154,155,2023-03-26 04:01:44.335810
721,2011-02-02,spring,2011,Feb,9,0,Wed,Working_day,Mist,0.24,0.2576,0.93,0.0896,4.0,119,123,2023-03-26 04:01:44.335810
722,2011-02-02,spring,2011,Feb,10,0,Wed,Working_day,Mist,0.22,0.2727,1.0,0.0,2.0,59,61,2023-03-26 04:01:44.335810
723,2011-02-02,spring,2011,Feb,11,0,Wed,Working_day,Mist,0.24,0.2273,0.93,0.194,5.0,47,52,2023-03-26 04:01:44.335810
724,2011-02-02,spring,2011,Feb,12,0,Wed,Working_day,Mist,0.24,0.2273,0.93,0.2239,3.0,61,64,2023-03-26 04:01:44.335810
725,2011-02-02,spring,2011,Feb,13,0,Wed,Working_day,Clear,0.34,0.3333,0.93,0.1642,1.0,74,75,2023-03-26 04:01:44.335810
726,2011-02-02,spring,2011,Feb,14,0,Wed,Working_day,Clear,0.38,0.3939,0.82,0.3881,2.0,61,63,2023-03-26 04:01:44.335810
727,2011-02-02,spring,2011,Feb,15,0,Wed,Working_day,Clear,0.38,0.3939,0.76,0.3284,10.0,66,76,2023-03-26 04:01:44.335810
728,2011-02-02,spring,2011,Feb,16,0,Wed,Working_day,Clear,0.36,0.3333,0.71,0.2985,8.0,95,103,2023-03-26 04:01:44.335810
729,2011-02-02,spring,2011,Feb,17,0,Wed,Working_day,Clear,0.36,0.3182,0.53,0.5224,7.0,183,190,2023-03-26 04:01:44.335810
730,2011-02-02,spring,2011,Feb,18,0,Wed,Working_day,Clear,0.34,0.2879,0.42,0.5522,7.0,175,182,2023-03-26 04:01:44.335810
731,2011-02-02,spring,2011,Feb,19,0,Wed,Working_day,Clear,0.28,0.2424,0.45,0.4925,3.0,88,91,2023-03-26 04:01:44.335810
732,2011-02-02,spring,2011,Feb,20,0,Wed,Working_day,Clear,0.24,0.197,0.48,0.5522,4.0,71,75,2023-03-26 04:01:44.335810
733,2011-02-02,spring,2011,Feb,21,0,Wed,Working_day,Clear,0.22,0.197,0.47,0.3284,1.0,62,63,2023-03-26 04:01:44.335810
734,2011-02-02,spring,2011,Feb,22,0,Wed,Working_day,Clear,0.22,0.2121,0.44,0.2537,5.0,35,40,2023-03-26 04:01:44.335810
735,2011-02-02,spring,2011,Feb,23,0,Wed,Working_day,Clear,0.2,0.1667,0.44,0.4478,3.0,29,32,2023-03-26 04:01:44.335810
736,2011-02-03,spring,2011,Feb,0,0,Thu,Working_day,Clear,0.2,0.1667,0.4,0.4478,1.0,11,12,2023-03-26 04:01:44.335810
737,2011-02-03,spring,2011,Feb,1,0,Thu,Working_day,Clear,0.2,0.1515,0.44,0.5224,0.0,5,5,2023-03-26 04:01:44.335810
738,2011-02-03,spring,2011,Feb,2,0,Thu,Working_day,Clear,0.18,0.1667,0.43,0.2537,0.0,2,2,2023-03-26 04:01:44.335810
739,2011-02-03,spring,2011,Feb,3,0,Thu,Working_day,Clear,0.18,0.1667,0.43,0.2537,0.0,1,1,2023-03-26 04:01:44.335810
740,2011-02-03,spring,2011,Feb,5,0,Thu,Working_day,Clear,0.16,0.1364,0.5,0.2985,0.0,2,2,2023-03-26 04:01:44.335810
741,2011-02-03,spring,2011,Feb,6,0,Thu,Working_day,Clear,0.16,0.1364,0.43,0.3582,0.0,39,39,2023-03-26 04:01:44.335810
742,2011-02-03,spring,2011,Feb,7,0,Thu,Working_day,Clear,0.14,0.1212,0.5,0.3284,1.0,86,87,2023-03-26 04:01:44.335810
743,2011-02-03,spring,2011,Feb,8,0,Thu,Working_day,Clear,0.14,0.1212,0.5,0.3582,4.0,184,188,2023-03-26 04:01:44.335810
744,2011-02-03,spring,2011,Feb,9,0,Thu,Working_day,Clear,0.16,0.1364,0.47,0.2985,6.0,127,133,2023-03-26 04:01:44.335810
745,2011-02-03,spring,2011,Feb,10,0,Thu,Working_day,Clear,0.18,0.1515,0.43,0.3284,2.0,50,52,2023-03-26 04:01:44.335810
746,2011-02-03,spring,2011,Feb,11,0,Thu,Working_day,Clear,0.18,0.1364,0.43,0.4478,9.0,55,64,2023-03-26 04:01:44.335810
747,2011-02-03,spring,2011,Feb,12,0,Thu,Working_day,Clear,0.2,0.1818,0.4,0.3582,2.0,67,69,2023-03-26 04:01:44.335810
748,2011-02-03,spring,2011,Feb,13,0,Thu,Working_day,Clear,0.2,0.1667,0.4,0.4179,4.0,47,51,2023-03-26 04:01:44.335810
749,2011-02-03,spring,2011,Feb,14,0,Thu,Working_day,Clear,0.22,0.197,0.37,0.3881,4.0,43,47,2023-03-26 04:01:44.335810
750,2011-02-03,spring,2011,Feb,15,0,Thu,Working_day,Clear,0.22,0.197,0.37,0.3284,4.0,56,60,2023-03-26 04:01:44.335810
751,2011-02-03,spring,2011,Feb,16,0,Thu,Working_day,Clear,0.22,0.2121,0.37,0.2537,5.0,73,78,2023-03-26 04:01:44.335810
752,2011-02-03,spring,2011,Feb,17,0,Thu,Working_day,Clear,0.2,0.197,0.4,0.194,5.0,170,175,2023-03-26 04:01:44.335810
753,2011-02-03,spring,2011,Feb,18,0,Thu,Working_day,Clear,0.2,0.2121,0.4,0.1642,2.0,145,147,2023-03-26 04:01:44.335810
754,2011-02-03,spring,2011,Feb,19,0,Thu,Working_day,Clear,0.2,0.2576,0.4,0.0,4.0,92,96,2023-03-26 04:01:44.335810
755,2011-02-03,spring,2011,Feb,20,0,Thu,Working_day,Clear,0.2,0.2273,0.47,0.0896,1.0,108,109,2023-03-26 04:01:44.335810
756,2011-02-03,spring,2011,Feb,21,0,Thu,Working_day,Clear,0.18,0.2121,0.55,0.1045,1.0,53,54,2023-03-26 04:01:44.335810
757,2011-02-03,spring,2011,Feb,22,0,Thu,Working_day,Clear,0.18,0.2121,0.51,0.0896,2.0,39,41,2023-03-26 04:01:44.335810
758,2011-02-03,spring,2011,Feb,23,0,Thu,Working_day,Clear,0.2,0.2273,0.47,0.1045,4.0,34,38,2023-03-26 04:01:44.335810
759,2011-02-04,spring,2011,Feb,0,0,Fri,Working_day,Mist,0.2,0.2576,0.44,0.0,3.0,10,13,2023-03-26 04:01:44.335810
760,2011-02-04,spring,2011,Feb,1,0,Fri,Working_day,Mist,0.16,0.2273,0.59,0.0,0.0,7,7,2023-03-26 04:01:44.335810
761,2011-02-04,spring,2011,Feb,2,0,Fri,Working_day,Mist,0.14,0.1667,0.63,0.1045,0.0,1,1,2023-03-26 04:01:44.335810
762,2011-02-04,spring,2011,Feb,3,0,Fri,Working_day,Mist,0.14,0.1667,0.63,0.1045,0.0,1,1,2023-03-26 04:01:44.335810
763,2011-02-04,spring,2011,Feb,5,0,Fri,Working_day,Mist,0.14,0.1515,0.63,0.1343,0.0,7,7,2023-03-26 04:01:44.335810
764,2011-02-04,spring,2011,Feb,6,0,Fri,Working_day,Mist,0.16,0.2273,0.55,0.0,2.0,26,28,2023-03-26 04:01:44.335810
765,2011-02-04,spring,2011,Feb,7,0,Fri,Working_day,Clear,0.14,0.2121,0.59,0.0,0.0,87,87,2023-03-26 04:01:44.335810
766,2011-02-04,spring,2011,Feb,8,0,Fri,Working_day,Clear,0.14,0.1515,0.74,0.1343,3.0,217,220,2023-03-26 04:01:44.335810
767,2011-02-04,spring,2011,Feb,9,0,Fri,Working_day,Mist,0.16,0.1818,0.8,0.1343,3.0,124,127,2023-03-26 04:01:44.335810
768,2011-02-04,spring,2011,Feb,10,0,Fri,Working_day,Mist,0.2,0.2121,0.51,0.1343,5.0,46,51,2023-03-26 04:01:44.335810
769,2011-02-04,spring,2011,Feb,11,0,Fri,Working_day,Clear,0.22,0.2273,0.51,0.1642,3.0,61,64,2023-03-26 04:01:44.335810
770,2011-02-04,spring,2011,Feb,12,0,Fri,Working_day,Mist,0.24,0.2424,0.48,0.1642,8.0,78,86,2023-03-26 04:01:44.335810
771,2011-02-04,spring,2011,Feb,13,0,Fri,Working_day,Mist,0.26,0.2576,0.5,0.2239,9.0,73,82,2023-03-26 04:01:44.335810
772,2011-02-04,spring,2011,Feb,14,0,Fri,Working_day,Mist,0.28,0.2727,0.45,0.1642,15.0,76,91,2023-03-26 04:01:44.335810
773,2011-02-04,spring,2011,Feb,15,0,Fri,Working_day,Mist,0.28,0.2727,0.48,0.2537,9.0,81,90,2023-03-26 04:01:44.335810
774,2011-02-04,spring,2011,Feb,16,0,Fri,Working_day,Mist,0.3,0.2879,0.42,0.2239,8.0,91,99,2023-03-26 04:01:44.335810
775,2011-02-04,spring,2011,Feb,17,0,Fri,Working_day,Mist,0.26,0.2727,0.56,0.1343,10.0,195,205,2023-03-26 04:01:44.335810
776,2011-02-04,spring,2011,Feb,18,0,Fri,Working_day,Mist,0.24,0.2576,0.6,0.1045,3.0,152,155,2023-03-26 04:01:44.335810
777,2011-02-04,spring,2011,Feb,19,0,Fri,Working_day,Mist,0.24,0.2424,0.65,0.1343,1.0,102,103,2023-03-26 04:01:44.335810
778,2011-02-04,spring,2011,Feb,20,0,Fri,Working_day,Mist,0.24,0.2424,0.65,0.1642,2.0,69,71,2023-03-26 04:01:44.335810
779,2011-02-04,spring,2011,Feb,21,0,Fri,Working_day,Mist,0.24,0.2424,0.7,0.1642,2.0,41,43,2023-03-26 04:01:44.335810
780,2011-02-04,spring,2011,Feb,22,0,Fri,Working_day,Mist,0.24,0.2424,0.65,0.1642,1.0,45,46,2023-03-26 04:01:44.335810
781,2011-02-04,spring,2011,Feb,23,0,Fri,Working_day,Mist,0.24,0.2424,0.7,0.1343,1.0,30,31,2023-03-26 04:01:44.335810
782,2011-02-05,spring,2011,Feb,0,0,Sat,Holyday,Mist,0.24,0.2424,0.7,0.1642,3.0,36,39,2023-03-26 04:01:44.335810
783,2011-02-05,spring,2011,Feb,1,0,Sat,Holyday,Mist,0.24,0.2424,0.65,0.1642,1.0,17,18,2023-03-26 04:01:44.335810
784,2011-02-05,spring,2011,Feb,2,0,Sat,Holyday,Mist,0.24,0.2424,0.75,0.1642,5.0,12,17,2023-03-26 04:01:44.335810
785,2011-02-05,spring,2011,Feb,3,0,Sat,Holyday,Mist,0.24,0.2424,0.75,0.1642,1.0,10,11,2023-03-26 04:01:44.335810
786,2011-02-05,spring,2011,Feb,4,0,Sat,Holyday,Light Snow,0.22,0.2273,0.93,0.1343,0.0,8,8,2023-03-26 04:01:44.335810
787,2011-02-05,spring,2011,Feb,5,0,Sat,Holyday,Light Snow,0.2,0.2273,1.0,0.0896,0.0,9,9,2023-03-26 04:01:44.335810
788,2011-02-05,spring,2011,Feb,6,0,Sat,Holyday,Light Snow,0.2,0.2576,1.0,0.0,0.0,4,4,2023-03-26 04:01:44.335810
789,2011-02-05,spring,2011,Feb,7,0,Sat,Holyday,Light Snow,0.22,0.2576,0.93,0.0896,0.0,4,4,2023-03-26 04:01:44.335810
790,2011-02-05,spring,2011,Feb,8,0,Sat,Holyday,Light Snow,0.2,0.2273,1.0,0.0896,0.0,10,10,2023-03-26 04:01:44.335810
791,2011-02-05,spring,2011,Feb,9,0,Sat,Holyday,Light Snow,0.2,0.2273,1.0,0.0896,3.0,17,20,2023-03-26 04:01:44.335810
792,2011-02-05,spring,2011,Feb,10,0,Sat,Holyday,Light Snow,0.2,0.2121,1.0,0.1343,3.0,31,34,2023-03-26 04:01:44.335810
793,2011-02-05,spring,2011,Feb,11,0,Sat,Holyday,Light Snow,0.22,0.2273,1.0,0.1343,1.0,46,47,2023-03-26 04:01:44.335810
794,2011-02-05,spring,2011,Feb,12,0,Sat,Holyday,Light Snow,0.22,0.2273,1.0,0.1642,10.0,42,52,2023-03-26 04:01:44.335810
795,2011-02-05,spring,2011,Feb,13,0,Sat,Holyday,Light Snow,0.22,0.2273,1.0,0.1642,10.0,62,72,2023-03-26 04:01:44.335810
796,2011-02-05,spring,2011,Feb,14,0,Sat,Holyday,Light Snow,0.22,0.2727,1.0,0.0,5.0,50,55,2023-03-26 04:01:44.335810
797,2011-02-05,spring,2011,Feb,15,0,Sat,Holyday,Light Snow,0.22,0.2727,1.0,0.0,11.0,49,60,2023-03-26 04:01:44.335810
798,2011-02-05,spring,2011,Feb,16,0,Sat,Holyday,Light Snow,0.22,0.2273,1.0,0.1343,8.0,63,71,2023-03-26 04:01:44.335810
799,2011-02-05,spring,2011,Feb,17,0,Sat,Holyday,Mist,0.24,0.2121,1.0,0.2836,14.0,64,78,2023-03-26 04:01:44.335810
800,2011-02-05,spring,2011,Feb,18,0,Sat,Holyday,Mist,0.28,0.2424,0.93,0.4478,2.0,81,83,2023-03-26 04:01:44.335810
801,2011-02-05,spring,2011,Feb,19,0,Sat,Holyday,Mist,0.28,0.2424,0.93,0.4478,6.0,78,84,2023-03-26 04:01:44.335810
802,2011-02-05,spring,2011,Feb,20,0,Sat,Holyday,Clear,0.3,0.2879,0.87,0.2537,5.0,64,69,2023-03-26 04:01:44.335810
803,2011-02-05,spring,2011,Feb,21,0,Sat,Holyday,Clear,0.26,0.2576,1.0,0.194,3.0,53,56,2023-03-26 04:01:44.335810
804,2011-02-05,spring,2011,Feb,22,0,Sat,Holyday,Clear,0.26,0.2727,0.93,0.1343,2.0,43,45,2023-03-26 04:01:44.335810
805,2011-02-05,spring,2011,Feb,23,0,Sat,Holyday,Clear,0.26,0.2576,0.93,0.2239,7.0,52,59,2023-03-26 04:01:44.335810
806,2011-02-06,spring,2011,Feb,0,0,Sun,Holyday,Clear,0.26,0.2576,0.7,0.194,2.0,37,39,2023-03-26 04:01:44.335810
807,2011-02-06,spring,2011,Feb,1,0,Sun,Holyday,Clear,0.26,0.2273,0.65,0.4179,4.0,40,44,2023-03-26 04:01:44.335810
808,2011-02-06,spring,2011,Feb,2,0,Sun,Holyday,Clear,0.26,0.2273,0.6,0.3284,0.0,20,20,2023-03-26 04:01:44.335810
809,2011-02-06,spring,2011,Feb,3,0,Sun,Holyday,Clear,0.26,0.2879,0.6,0.0896,3.0,10,13,2023-03-26 04:01:44.335810
810,2011-02-06,spring,2011,Feb,4,0,Sun,Holyday,Clear,0.26,0.2273,0.6,0.3582,0.0,2,2,2023-03-26 04:01:44.335810
811,2011-02-06,spring,2011,Feb,5,0,Sun,Holyday,Clear,0.26,0.2576,0.6,0.2239,0.0,1,1,2023-03-26 04:01:44.335810
812,2011-02-06,spring,2011,Feb,6,0,Sun,Holyday,Clear,0.26,0.2576,0.6,0.2239,0.0,1,1,2023-03-26 04:01:44.335810
813,2011-02-06,spring,2011,Feb,7,0,Sun,Holyday,Clear,0.24,0.2424,0.65,0.1642,0.0,8,8,2023-03-26 04:01:44.335810
814,2011-02-06,spring,2011,Feb,8,0,Sun,Holyday,Clear,0.24,0.2576,0.65,0.1045,2.0,21,23,2023-03-26 04:01:44.335810
815,2011-02-06,spring,2011,Feb,9,0,Sun,Holyday,Clear,0.28,0.2879,0.56,0.1045,7.0,38,45,2023-03-26 04:01:44.335810
816,2011-02-06,spring,2011,Feb,10,0,Sun,Holyday,Clear,0.3,0.2879,0.52,0.2537,15.0,74,89,2023-03-26 04:01:44.335810
817,2011-02-06,spring,2011,Feb,11,0,Sun,Holyday,Clear,0.32,0.303,0.49,0.2537,28.0,89,117,2023-03-26 04:01:44.335810
818,2011-02-06,spring,2011,Feb,12,0,Sun,Holyday,Clear,0.34,0.3333,0.46,0.0,48.0,126,174,2023-03-26 04:01:44.335810
819,2011-02-06,spring,2011,Feb,13,0,Sun,Holyday,Clear,0.34,0.3636,0.46,0.0,47.0,135,182,2023-03-26 04:01:44.335810
820,2011-02-06,spring,2011,Feb,14,0,Sun,Holyday,Clear,0.34,0.3485,0.46,0.0896,47.0,114,161,2023-03-26 04:01:44.335810
821,2011-02-06,spring,2011,Feb,15,0,Sun,Holyday,Clear,0.34,0.3485,0.46,0.0896,52.0,130,182,2023-03-26 04:01:44.335810
822,2011-02-06,spring,2011,Feb,16,0,Sun,Holyday,Clear,0.34,0.3485,0.49,0.1045,42.0,115,157,2023-03-26 04:01:44.335810
823,2011-02-06,spring,2011,Feb,17,0,Sun,Holyday,Clear,0.34,0.3636,0.46,0.0,24.0,97,121,2023-03-26 04:01:44.335810
824,2011-02-06,spring,2011,Feb,18,0,Sun,Holyday,Clear,0.3,0.303,0.56,0.1642,13.0,65,78,2023-03-26 04:01:44.335810
825,2011-02-06,spring,2011,Feb,19,0,Sun,Holyday,Clear,0.28,0.2879,0.61,0.1343,1.0,20,21,2023-03-26 04:01:44.335810
826,2011-02-06,spring,2011,Feb,20,0,Sun,Holyday,Clear,0.28,0.2879,0.61,0.1045,5.0,21,26,2023-03-26 04:01:44.335810
827,2011-02-06,spring,2011,Feb,21,0,Sun,Holyday,Clear,0.26,0.303,0.6,0.0,5.0,22,27,2023-03-26 04:01:44.335810
828,2011-02-06,spring,2011,Feb,22,0,Sun,Holyday,Clear,0.26,0.303,0.6,0.0,5.0,57,62,2023-03-26 04:01:44.335810
829,2011-02-06,spring,2011,Feb,23,0,Sun,Holyday,Clear,0.24,0.2879,0.65,0.0,4.0,26,30,2023-03-26 04:01:44.335810
830,2011-02-07,spring,2011,Feb,0,0,Mon,Working_day,Clear,0.24,0.2879,0.65,0.0,1.0,14,15,2023-03-26 04:01:44.335810
831,2011-02-07,spring,2011,Feb,1,0,Mon,Working_day,Clear,0.22,0.2727,0.75,0.0,1.0,4,5,2023-03-26 04:01:44.335810
832,2011-02-07,spring,2011,Feb,2,0,Mon,Working_day,Clear,0.2,0.2576,0.8,0.0,0.0,3,3,2023-03-26 04:01:44.335810
833,2011-02-07,spring,2011,Feb,3,0,Mon,Working_day,Clear,0.2,0.2576,0.86,0.0,0.0,1,1,2023-03-26 04:01:44.335810
834,2011-02-07,spring,2011,Feb,4,0,Mon,Working_day,Clear,0.2,0.2576,0.86,0.0,1.0,1,2,2023-03-26 04:01:44.335810
835,2011-02-07,spring,2011,Feb,5,0,Mon,Working_day,Clear,0.2,0.2576,0.86,0.0,1.0,9,10,2023-03-26 04:01:44.335810
836,2011-02-07,spring,2011,Feb,6,0,Mon,Working_day,Clear,0.18,0.2424,0.93,0.0,1.0,29,30,2023-03-26 04:01:44.335810
837,2011-02-07,spring,2011,Feb,7,0,Mon,Working_day,Clear,0.18,0.2424,0.86,0.0,6.0,89,95,2023-03-26 04:01:44.335810
838,2011-02-07,spring,2011,Feb,8,0,Mon,Working_day,Mist,0.16,0.2273,1.0,0.0,7.0,223,230,2023-03-26 04:01:44.335810
839,2011-02-07,spring,2011,Feb,9,0,Mon,Working_day,Clear,0.22,0.2727,0.8,0.0,3.0,115,118,2023-03-26 04:01:44.335810
840,2011-02-07,spring,2011,Feb,10,0,Mon,Working_day,Clear,0.24,0.2576,0.75,0.1045,6.0,49,55,2023-03-26 04:01:44.335810
841,2011-02-07,spring,2011,Feb,11,0,Mon,Working_day,Clear,0.3,0.3182,0.65,0.0896,11.0,36,47,2023-03-26 04:01:44.335810
842,2011-02-07,spring,2011,Feb,12,0,Mon,Working_day,Mist,0.32,0.3485,0.62,0.0,7.0,59,66,2023-03-26 04:01:44.335810
843,2011-02-07,spring,2011,Feb,13,0,Mon,Working_day,Mist,0.36,0.3636,0.57,0.0896,10.0,54,64,2023-03-26 04:01:44.335810
844,2011-02-07,spring,2011,Feb,14,0,Mon,Working_day,Mist,0.36,0.3636,0.57,0.0896,8.0,52,60,2023-03-26 04:01:44.335810
845,2011-02-07,spring,2011,Feb,15,0,Mon,Working_day,Mist,0.38,0.3939,0.54,0.0896,4.0,46,50,2023-03-26 04:01:44.335810
846,2011-02-07,spring,2011,Feb,16,0,Mon,Working_day,Mist,0.36,0.3485,0.57,0.1343,16.0,98,114,2023-03-26 04:01:44.335810
847,2011-02-07,spring,2011,Feb,17,0,Mon,Working_day,Mist,0.32,0.3182,0.7,0.1642,9.0,207,216,2023-03-26 04:01:44.335810
848,2011-02-07,spring,2011,Feb,18,0,Mon,Working_day,Mist,0.34,0.3333,0.66,0.1343,5.0,170,175,2023-03-26 04:01:44.335810
849,2011-02-07,spring,2011,Feb,19,0,Mon,Working_day,Mist,0.32,0.3485,0.7,0.0,5.0,123,128,2023-03-26 04:01:44.335810
850,2011-02-07,spring,2011,Feb,20,0,Mon,Working_day,Mist,0.32,0.3333,0.7,0.1045,6.0,82,88,2023-03-26 04:01:44.335810
851,2011-02-07,spring,2011,Feb,21,0,Mon,Working_day,Clear,0.32,0.3485,0.7,0.0,3.0,75,78,2023-03-26 04:01:44.335810
852,2011-02-07,spring,2011,Feb,22,0,Mon,Working_day,Clear,0.28,0.303,0.81,0.0896,3.0,34,37,2023-03-26 04:01:44.335810
853,2011-02-07,spring,2011,Feb,23,0,Mon,Working_day,Mist,0.3,0.3333,0.81,0.0,6.0,19,25,2023-03-26 04:01:44.335810
854,2011-02-08,spring,2011,Feb,0,0,Tue,Working_day,Mist,0.28,0.3182,0.87,0.0,4.0,6,10,2023-03-26 04:01:44.335810
855,2011-02-08,spring,2011,Feb,1,0,Tue,Working_day,Mist,0.28,0.3182,0.87,0.0,0.0,4,4,2023-03-26 04:01:44.335810
856,2011-02-08,spring,2011,Feb,2,0,Tue,Working_day,Mist,0.26,0.2727,0.93,0.1045,1.0,1,2,2023-03-26 04:01:44.335810
857,2011-02-08,spring,2011,Feb,3,0,Tue,Working_day,Light Snow,0.28,0.2727,0.93,0.1642,0.0,1,1,2023-03-26 04:01:44.335810
858,2011-02-08,spring,2011,Feb,4,0,Tue,Working_day,Clear,0.26,0.2576,0.93,0.1642,0.0,3,3,2023-03-26 04:01:44.335810
859,2011-02-08,spring,2011,Feb,5,0,Tue,Working_day,Clear,0.26,0.2273,0.81,0.3284,0.0,2,2,2023-03-26 04:01:44.335810
860,2011-02-08,spring,2011,Feb,6,0,Tue,Working_day,Clear,0.26,0.2273,0.7,0.3284,0.0,39,39,2023-03-26 04:01:44.335810
861,2011-02-08,spring,2011,Feb,7,0,Tue,Working_day,Clear,0.24,0.197,0.65,0.4179,3.0,97,100,2023-03-26 04:01:44.335810
862,2011-02-08,spring,2011,Feb,8,0,Tue,Working_day,Clear,0.24,0.197,0.56,0.4925,7.0,236,243,2023-03-26 04:01:44.335810
863,2011-02-08,spring,2011,Feb,9,0,Tue,Working_day,Clear,0.24,0.197,0.52,0.4925,7.0,128,135,2023-03-26 04:01:44.335810
